
    <record>
      <header>
        <identifier>oai:mst.rochester.edu:marcnormalization/5037</identifier>
        <datestamp>2011-03-02T19:21:22Z</datestamp>
        <setSpec>MARCXMLbibliographic</setSpec>
        <setSpec>marcnormalization</setSpec>
      </header>
      <metadata>
        <marc:record xmlns:marc="http://www.loc.gov/MARC21/slim" xmlns:xsi="http://www.w3.org/2001/XMLSchema-instance" xsi:schemaLocation="http://www.loc.gov/MARC21/slim http://128.151.244.137:8080/OAIToolkit/schema/MARC21slim_custom.xsd">
          <marc:leader>01199cam a22003370  4500</marc:leader>
          <marc:controlfield tag="001">17</marc:controlfield>
          <marc:controlfield tag="005">20070116200042.0</marc:controlfield>
          <marc:controlfield tag="008">721019s1973    mdua     b    000 0 eng  </marc:controlfield>
          <marc:controlfield tag="003">NRU</marc:controlfield>
          <marc:datafield ind1=" " ind2=" " tag="010">
            <marc:subfield code="a">   72004013 </marc:subfield>
          </marc:datafield>
          <marc:datafield ind1=" " ind2=" " tag="020">
            <marc:subfield code="a">0801814316</marc:subfield>
          </marc:datafield>
          <marc:datafield ind1=" " ind2=" " tag="035">
            <marc:subfield code="a">(OCoLC)488222</marc:subfield>
          </marc:datafield>
          <marc:datafield ind1=" " ind2=" " tag="035">
            <marc:subfield code="9">00000793</marc:subfield>
          </marc:datafield>
          <marc:datafield ind1=" " ind2=" " tag="040">
            <marc:subfield code="a">DLC</marc:subfield>
            <marc:subfield code="c">DLC</marc:subfield>
            <marc:subfield code="d">RRR</marc:subfield>
          </marc:datafield>
          <marc:datafield ind1=" " ind2=" " tag="049">
            <marc:subfield code="a">RRRR</marc:subfield>
          </marc:datafield>
          <marc:datafield ind1="0" ind2=" " tag="050">
            <marc:subfield code="a">BF692</marc:subfield>
            <marc:subfield code="b">.A5 1973</marc:subfield>
          </marc:datafield>
          <marc:datafield ind1=" " ind2=" " tag="060">
            <marc:subfield code="a">W1 AM7299 1971</marc:subfield>
          </marc:datafield>
          <marc:datafield ind1=" " ind2=" " tag="099">
            <marc:subfield code="a">BF692 .A5 1973 </marc:subfield>
            <marc:subfield code="a">HQ 21 A512c 1971</marc:subfield>
          </marc:datafield>
          <marc:datafield ind1="2" ind2=" " tag="110">
            <marc:subfield code="a">American Psychopathological Association.</marc:subfield>
            <marc:subfield code="4">aut</marc:subfield>
          </marc:datafield>
          <marc:datafield ind1="1" ind2="0" tag="245">
            <marc:subfield code="a">Contemporary sexual behavior:</marc:subfield>
            <marc:subfield code="b">critical issues in the 1970s.</marc:subfield>
            <marc:subfield code="c">Edited by Joseph Zubin and John Money.</marc:subfield>
          </marc:datafield>
          <marc:datafield ind1=" " ind2=" " tag="260">
            <marc:subfield code="a">Baltimore,</marc:subfield>
            <marc:subfield code="b">Johns Hopkins University Press</marc:subfield>
            <marc:subfield code="c">[c1973]</marc:subfield>
          </marc:datafield>
          <marc:datafield ind1=" " ind2=" " tag="300">
            <marc:subfield code="a">xix, 468 p.</marc:subfield>
            <marc:subfield code="b">illus.</marc:subfield>
            <marc:subfield code="c">24 cm.</marc:subfield>
          </marc:datafield>
          <marc:datafield ind1=" " ind2=" " tag="500">
            <marc:subfield code="a">"Based on the proceedings of the sixty-first annual meeting of the American Psychopathological Association."</marc:subfield>
          </marc:datafield>
          <marc:datafield ind1=" " ind2=" " tag="504">
            <marc:subfield code="a">Includes bibliographies.</marc:subfield>
          </marc:datafield>
          <marc:datafield ind1=" " ind2="0" tag="650">
            <marc:subfield code="a">Sex (Psychology)</marc:subfield>
          </marc:datafield>
          <marc:datafield ind1=" " ind2="2" tag="650">
            <marc:subfield code="a">Sex Behavior</marc:subfield>
            <marc:subfield code="x">congresses.</marc:subfield>
          </marc:datafield>
          <marc:datafield ind1="1" ind2=" " tag="700">
            <marc:subfield code="a">Zubin, Joseph,</marc:subfield>
            <marc:subfield code="d">1900-1990</marc:subfield>
            <marc:subfield code="e">ed.</marc:subfield>
          </marc:datafield>
          <marc:datafield ind1="1" ind2=" " tag="700">
            <marc:subfield code="a">Money, John,</marc:subfield>
            <marc:subfield code="e">ed.</marc:subfield>
          </marc:datafield>
          <marc:datafield ind1=" " ind2=" " tag="911">
            <marc:subfield code="a">p</marc:subfield>
          </marc:datafield>
          <marc:datafield ind1=" " ind2=" " tag="966">
            <marc:subfield code="l">Stack </marc:subfield>
            <marc:subfield code="m">RMON  </marc:subfield>
            <marc:subfield code="s">BF692 .A5 1973</marc:subfield>
            <marc:subfield code="b">39087006719480</marc:subfield>
          </marc:datafield>
          <marc:datafield ind1=" " ind2=" " tag="966">
            <marc:subfield code="l">Stack*</marc:subfield>
            <marc:subfield code="m">MMON  </marc:subfield>
            <marc:subfield code="s">HQ 21 A512c 1971</marc:subfield>
            <marc:subfield code="b">39087004476547</marc:subfield>
          </marc:datafield>
          <marc:datafield ind1=" " ind2=" " tag="966">
            <marc:subfield code="l">GenStk</marc:subfield>
            <marc:subfield code="m">DIVMTH</marc:subfield>
            <marc:subfield code="s">BF692 .A5 1973</marc:subfield>
          </marc:datafield>
          <marc:datafield tag="931" ind1=" " ind2=" ">
            <marc:subfield code="a">Text</marc:subfield>
            <marc:subfield code="5">NRU</marc:subfield>
          </marc:datafield>
          <marc:datafield tag="932" ind1=" " ind2=" ">
            <marc:subfield code="a">Language material</marc:subfield>
            <marc:subfield code="5">NRU</marc:subfield>
          </marc:datafield>
          <marc:datafield tag="933" ind1=" " ind2=" ">
            <marc:subfield code="a">Text</marc:subfield>
            <marc:subfield code="5">NRU</marc:subfield>
          </marc:datafield>
          <marc:datafield tag="935" ind1=" " ind2=" ">
            <marc:subfield code="a">Monograph/Item</marc:subfield>
            <marc:subfield code="5">NRU</marc:subfield>
          </marc:datafield>
          <marc:datafield tag="937" ind1=" " ind2=" ">
            <marc:subfield code="a">Non-Fiction</marc:subfield>
            <marc:subfield code="5">NRU</marc:subfield>
          </marc:datafield>
          <marc:datafield tag="941" ind1=" " ind2=" ">
            <marc:subfield code="a">eng</marc:subfield>
            <marc:subfield code="5">NRU</marc:subfield>
          </marc:datafield>
          <marc:datafield tag="943" ind1=" " ind2=" ">
            <marc:subfield code="a">English</marc:subfield>
            <marc:subfield code="5">NRU</marc:subfield>
          </marc:datafield>
          <marc:datafield tag="947" ind1=" " ind2=" ">
            <marc:subfield code="a">0801814316</marc:subfield>
            <marc:subfield code="5">NRU</marc:subfield>
          </marc:datafield>
          <marc:datafield tag="035" ind1=" " ind2=" ">
            <marc:subfield code="a">(NRU)17</marc:subfield>
          </marc:datafield>
          <marc:datafield tag="240" ind1="0" ind2="0">
            <marc:subfield code="a">Contemporary sexual behavior:</marc:subfield>
          </marc:datafield>
          <marc:datafield tag="965" ind1=" " ind2="2">
            <marc:subfield code="a">Sex Behavior</marc:subfield>
            <marc:subfield code="5">NRU</marc:subfield>
          </marc:datafield>
          <marc:datafield tag="965" ind1=" " ind2="2">
            <marc:subfield code="x">congresses.</marc:subfield>
            <marc:subfield code="5">NRU</marc:subfield>
          </marc:datafield>
        </marc:record>
      </metadata>
    </record>
    <record>
      <header>
        <identifier>oai:mst.rochester.edu:marcnormalization/5038</identifier>
        <datestamp>2011-03-02T19:21:22Z</datestamp>
        <setSpec>MARCXMLholding</setSpec>
        <setSpec>marcnormalization</setSpec>
      </header>
      <metadata>
        <marc:record xmlns:marc="http://www.loc.gov/MARC21/slim" xmlns:xsi="http://www.w3.org/2001/XMLSchema-instance" xsi:schemaLocation="http://www.loc.gov/MARC21/slim http://128.151.244.137:8080/OAIToolkit/schema/MARC21slim_custom.xsd">
          <marc:leader>00198cx  a22000973  4500</marc:leader>
          <marc:controlfield tag="001">25</marc:controlfield>
          <marc:controlfield tag="004">17</marc:controlfield>
          <marc:controlfield tag="005">19961209123635.0</marc:controlfield>
          <marc:controlfield tag="008">9612090u    0   4001uu   0000000</marc:controlfield>
          <marc:datafield ind1=" " ind2=" " tag="014">
            <marc:subfield code="a">00000793</marc:subfield>
          </marc:datafield>
          <marc:datafield ind1="0" ind2=" " tag="852">
            <marc:subfield code="b">RheesStack</marc:subfield>
            <marc:subfield code="h">BF692 .A5 1973</marc:subfield>
          </marc:datafield>
        </marc:record>
      </metadata>
    </record>
    <record>
      <header>
        <identifier>oai:mst.rochester.edu:marcnormalization/5039</identifier>
        <datestamp>2011-03-02T19:21:22Z</datestamp>
        <setSpec>MARCXMLholding</setSpec>
        <setSpec>marcnormalization</setSpec>
      </header>
      <metadata>
        <marc:record xmlns:marc="http://www.loc.gov/MARC21/slim" xmlns:xsi="http://www.w3.org/2001/XMLSchema-instance" xsi:schemaLocation="http://www.loc.gov/MARC21/slim http://128.151.244.137:8080/OAIToolkit/schema/MARC21slim_custom.xsd">
          <marc:leader>00200cx  a22000973  4500</marc:leader>
          <marc:controlfield tag="001">26</marc:controlfield>
          <marc:controlfield tag="004">17</marc:controlfield>
          <marc:controlfield tag="005">19961209123635.0</marc:controlfield>
          <marc:controlfield tag="008">9612090u    0   4001uu   0000000</marc:controlfield>
          <marc:datafield ind1=" " ind2=" " tag="014">
            <marc:subfield code="a">00000793</marc:subfield>
          </marc:datafield>
          <marc:datafield ind1="2" ind2=" " tag="852">
            <marc:subfield code="b">MinerStack</marc:subfield>
            <marc:subfield code="h">HQ 21 A512c 1971</marc:subfield>
          </marc:datafield>
        </marc:record>
      </metadata>
    </record>