
    <record>
      <header>
        <identifier>oai:mst.rochester.edu:marcnormalization/5060</identifier>
        <datestamp>2011-03-02T19:21:22Z</datestamp>
        <setSpec>MARCXMLbibliographic</setSpec>
        <setSpec>marcnormalization</setSpec>
      </header>
      <metadata>
        <marc:record xmlns:marc="http://www.loc.gov/MARC21/slim" xmlns:xsi="http://www.w3.org/2001/XMLSchema-instance" xsi:schemaLocation="http://www.loc.gov/MARC21/slim http://128.151.244.137:8080/OAIToolkit/schema/MARC21slim_custom.xsd">
          <marc:leader>02994cam a22006370  4500</marc:leader>
          <marc:controlfield tag="001">28</marc:controlfield>
          <marc:controlfield tag="005">20051203105841.0</marc:controlfield>
          <marc:controlfield tag="008">760601m19769999ncua     b    001 0aeng  </marc:controlfield>
          <marc:controlfield tag="003">NRU</marc:controlfield>
          <marc:datafield ind1=" " ind2=" " tag="010">
            <marc:subfield code="a">76020441 //r862</marc:subfield>
          </marc:datafield>
          <marc:datafield ind1=" " ind2=" " tag="019">
            <marc:subfield code="a">10543851</marc:subfield>
          </marc:datafield>
          <marc:datafield ind1=" " ind2=" " tag="020">
            <marc:subfield code="a">0807812854 (v. 1)</marc:subfield>
          </marc:datafield>
          <marc:datafield ind1=" " ind2=" " tag="020">
            <marc:subfield code="a">0807813842 (v. 2)</marc:subfield>
          </marc:datafield>
          <marc:datafield ind1=" " ind2=" " tag="020">
            <marc:subfield code="a">0807815578 (v. 3)</marc:subfield>
          </marc:datafield>
          <marc:datafield ind1=" " ind2=" " tag="020">
            <marc:subfield code="a">080781668X (v. 4)</marc:subfield>
          </marc:datafield>
          <marc:datafield ind1=" " ind2=" " tag="020">
            <marc:subfield code="a">0807818178 (v. 5)</marc:subfield>
          </marc:datafield>
          <marc:datafield ind1=" " ind2=" " tag="020">
            <marc:subfield code="a">080781993X (v. 6)</marc:subfield>
          </marc:datafield>
          <marc:datafield ind1=" " ind2=" " tag="020">
            <marc:subfield code="a">0807820946 (v. 7)</marc:subfield>
          </marc:datafield>
          <marc:datafield ind1=" " ind2=" " tag="020">
            <marc:subfield code="a">0807822124 (v. 8)</marc:subfield>
          </marc:datafield>
          <marc:datafield ind1=" " ind2=" " tag="020">
            <marc:subfield code="a">0807823104 (v. 9)</marc:subfield>
          </marc:datafield>
          <marc:datafield ind1=" " ind2=" " tag="020">
            <marc:subfield code="a">0807824194 (v.10)</marc:subfield>
          </marc:datafield>
          <marc:datafield ind1=" " ind2=" " tag="035">
            <marc:subfield code="a">(OCoLC)2331814</marc:subfield>
          </marc:datafield>
          <marc:datafield ind1=" " ind2=" " tag="035">
            <marc:subfield code="9">00001450</marc:subfield>
          </marc:datafield>
          <marc:datafield ind1=" " ind2=" " tag="040">
            <marc:subfield code="a">DLC</marc:subfield>
            <marc:subfield code="c">DLC</marc:subfield>
            <marc:subfield code="d">RRR</marc:subfield>
          </marc:datafield>
          <marc:datafield ind1=" " ind2=" " tag="043">
            <marc:subfield code="a">n-us---</marc:subfield>
          </marc:datafield>
          <marc:datafield ind1=" " ind2=" " tag="049">
            <marc:subfield code="a">RRRR</marc:subfield>
          </marc:datafield>
          <marc:datafield ind1="0" ind2=" " tag="050">
            <marc:subfield code="a">E302</marc:subfield>
            <marc:subfield code="b">.G73 1976</marc:subfield>
          </marc:datafield>
          <marc:datafield ind1=" " ind2=" " tag="090">
            <marc:subfield code="a">E302.6.G77</marc:subfield>
            <marc:subfield code="b">A33</marc:subfield>
          </marc:datafield>
          <marc:datafield ind1=" " ind2=" " tag="099">
            <marc:subfield code="a">E302.6.G77 A33</marc:subfield>
          </marc:datafield>
          <marc:datafield ind1="1" ind2=" " tag="100">
            <marc:subfield code="a">Greene, Nathanael,</marc:subfield>
            <marc:subfield code="d">1742-1786.</marc:subfield>
            <marc:subfield code="4">aut</marc:subfield>
          </marc:datafield>
          <marc:datafield ind1="0" ind2="4" tag="245">
            <marc:subfield code="a">The papers of General Nathanael Greene /</marc:subfield>
            <marc:subfield code="c">Richard K. Showman, editor, Margaret Cobb and Robert E. McCarthy, assistant editors, assisted by Joyce Boulind, Noel P. Conlon, and Nathaniel N. Shipton.</marc:subfield>
          </marc:datafield>
          <marc:datafield ind1=" " ind2=" " tag="260">
            <marc:subfield code="a">Chapel Hill :</marc:subfield>
            <marc:subfield code="b">Published for the Rhode Island Historical Society [by] University of North Carolina Press,</marc:subfield>
            <marc:subfield code="c">c1976-</marc:subfield>
          </marc:datafield>
          <marc:datafield ind1=" " ind2=" " tag="300">
            <marc:subfield code="a">v. :</marc:subfield>
            <marc:subfield code="b">ill. ;</marc:subfield>
            <marc:subfield code="c">24 cm.</marc:subfield>
          </marc:datafield>
          <marc:datafield ind1=" " ind2=" " tag="500">
            <marc:subfield code="a">Vols. 6-9 includes maps.</marc:subfield>
          </marc:datafield>
          <marc:datafield ind1=" " ind2=" " tag="500">
            <marc:subfield code="a">Vols. 8-10 edited by Dennis M. Conrad.</marc:subfield>
          </marc:datafield>
          <marc:datafield ind1=" " ind2=" " tag="500">
            <marc:subfield code="a">Secondary editors vary.</marc:subfield>
          </marc:datafield>
          <marc:datafield ind1=" " ind2=" " tag="504">
            <marc:subfield code="a">Includes bibliographical references and indexes.</marc:subfield>
          </marc:datafield>
          <marc:datafield ind1="1" ind2=" " tag="505">
            <marc:subfield code="a">Vol. 1. December 1766-December 1776 -- v. 2. 1 January 1777-16 October 1778 -- v. 3. 18 October 1778-10 May 1779 -- v. 4. 11 May 1779-31 October 1779 -- v. 5. 1 November 1779-31 May 1780 -- v. 6. 1 June 1780-25 December 1780 -- v. 7. 26 December 1780-29 March 1781 -- v. 8. 30 March-10 July 1781 -- v. 9. 11 July 1781-2 December 1781 -- v. 10. 3 December 1781-6 April 1782 -- v. 11. 7 April-30 September 1782 -- v. 12. 1 October 1782-21 May 1783 -- v.13. 22 May 1783-13 June 1786, with additions to the series</marc:subfield>
          </marc:datafield>
          <marc:datafield ind1="1" ind2="0" tag="600">
            <marc:subfield code="a">Greene, Nathanael,</marc:subfield>
            <marc:subfield code="d">1742-1786</marc:subfield>
            <marc:subfield code="x">Correspondence</marc:subfield>
            <marc:subfield code="v">Archives.</marc:subfield>
          </marc:datafield>
          <marc:datafield ind1="1" ind2="0" tag="600">
            <marc:subfield code="a">Greene, Nathanael,</marc:subfield>
            <marc:subfield code="d">1742-1786</marc:subfield>
            <marc:subfield code="x">Manuscripts.</marc:subfield>
          </marc:datafield>
          <marc:datafield ind1="1" ind2="0" tag="610">
            <marc:subfield code="a">United States.</marc:subfield>
            <marc:subfield code="b">Army</marc:subfield>
            <marc:subfield code="v">Biography.</marc:subfield>
          </marc:datafield>
          <marc:datafield ind1="1" ind2="0" tag="610">
            <marc:subfield code="a">United States.</marc:subfield>
            <marc:subfield code="b">Continental Army</marc:subfield>
            <marc:subfield code="x">History</marc:subfield>
            <marc:subfield code="v">Sources.</marc:subfield>
          </marc:datafield>
          <marc:datafield ind1=" " ind2="0" tag="650">
            <marc:subfield code="a">Generals</marc:subfield>
            <marc:subfield code="z">United States</marc:subfield>
            <marc:subfield code="v">Correspondence.</marc:subfield>
          </marc:datafield>
          <marc:datafield ind1=" " ind2="0" tag="650">
            <marc:subfield code="a">Manuscripts, American.</marc:subfield>
          </marc:datafield>
          <marc:datafield ind1=" " ind2="0" tag="651">
            <marc:subfield code="a">United States</marc:subfield>
            <marc:subfield code="x">History</marc:subfield>
            <marc:subfield code="y">Revolution, 1775-1783</marc:subfield>
            <marc:subfield code="v">Sources.</marc:subfield>
          </marc:datafield>
          <marc:datafield ind1="1" ind2=" " tag="700">
            <marc:subfield code="a">Showman, Richard K.</marc:subfield>
          </marc:datafield>
          <marc:datafield ind1="1" ind2=" " tag="700">
            <marc:subfield code="a">Conrad, Dennis Michael,</marc:subfield>
            <marc:subfield code="d">1949-</marc:subfield>
          </marc:datafield>
          <marc:datafield ind1="2" ind2=" " tag="710">
            <marc:subfield code="a">Rhode Island Historical Society.</marc:subfield>
          </marc:datafield>
          <marc:datafield ind1=" " ind2=" " tag="911">
            <marc:subfield code="a">u</marc:subfield>
          </marc:datafield>
          <marc:datafield ind1=" " ind2=" " tag="966">
            <marc:subfield code="l">Stack</marc:subfield>
            <marc:subfield code="m">RMON</marc:subfield>
            <marc:subfield code="s">E302.6.G77 A33</marc:subfield>
            <marc:subfield code="d">v. 1</marc:subfield>
            <marc:subfield code="b">39087002602706</marc:subfield>
          </marc:datafield>
          <marc:datafield ind1=" " ind2=" " tag="966">
            <marc:subfield code="l">Stack</marc:subfield>
            <marc:subfield code="m">RMON</marc:subfield>
            <marc:subfield code="s">E302.6.G77 A33</marc:subfield>
            <marc:subfield code="d">v. 2</marc:subfield>
            <marc:subfield code="b">39087002602714</marc:subfield>
          </marc:datafield>
          <marc:datafield ind1=" " ind2=" " tag="966">
            <marc:subfield code="l">Stack</marc:subfield>
            <marc:subfield code="m">RMON</marc:subfield>
            <marc:subfield code="s">E302.6.G77 A33</marc:subfield>
            <marc:subfield code="d">v. 3</marc:subfield>
            <marc:subfield code="b">39087006834404</marc:subfield>
          </marc:datafield>
          <marc:datafield ind1=" " ind2=" " tag="966">
            <marc:subfield code="l">Stack</marc:subfield>
            <marc:subfield code="m">RMON</marc:subfield>
            <marc:subfield code="s">E302.6.G77 A33</marc:subfield>
            <marc:subfield code="d">v. 4</marc:subfield>
            <marc:subfield code="b">39087009663099</marc:subfield>
          </marc:datafield>
          <marc:datafield ind1=" " ind2=" " tag="966">
            <marc:subfield code="l">Stack</marc:subfield>
            <marc:subfield code="m">RMON</marc:subfield>
            <marc:subfield code="s">E302.6.G77 A33</marc:subfield>
            <marc:subfield code="d">v. 5</marc:subfield>
            <marc:subfield code="b">39087011750447</marc:subfield>
          </marc:datafield>
          <marc:datafield ind1=" " ind2=" " tag="966">
            <marc:subfield code="l">Stack</marc:subfield>
            <marc:subfield code="m">RMON</marc:subfield>
            <marc:subfield code="s">E302.6.G77 A33</marc:subfield>
            <marc:subfield code="d">v. 6</marc:subfield>
            <marc:subfield code="b">39087013361730</marc:subfield>
          </marc:datafield>
          <marc:datafield ind1=" " ind2=" " tag="966">
            <marc:subfield code="l">Stack</marc:subfield>
            <marc:subfield code="m">RMON</marc:subfield>
            <marc:subfield code="s">E302.6.G77 A33</marc:subfield>
            <marc:subfield code="d">v. 7</marc:subfield>
            <marc:subfield code="b">39087014849170</marc:subfield>
          </marc:datafield>
          <marc:datafield ind1=" " ind2=" " tag="966">
            <marc:subfield code="l">Stack</marc:subfield>
            <marc:subfield code="m">RMON</marc:subfield>
            <marc:subfield code="s">E302.6.G77 A33</marc:subfield>
            <marc:subfield code="d">v. 8</marc:subfield>
            <marc:subfield code="b">39087016871008</marc:subfield>
          </marc:datafield>
          <marc:datafield tag="931" ind1=" " ind2=" ">
            <marc:subfield code="a">Text</marc:subfield>
            <marc:subfield code="5">NRU</marc:subfield>
          </marc:datafield>
          <marc:datafield tag="932" ind1=" " ind2=" ">
            <marc:subfield code="a">Language material</marc:subfield>
            <marc:subfield code="5">NRU</marc:subfield>
          </marc:datafield>
          <marc:datafield tag="933" ind1=" " ind2=" ">
            <marc:subfield code="a">Text</marc:subfield>
            <marc:subfield code="5">NRU</marc:subfield>
          </marc:datafield>
          <marc:datafield tag="935" ind1=" " ind2=" ">
            <marc:subfield code="a">Monograph/Item</marc:subfield>
            <marc:subfield code="5">NRU</marc:subfield>
          </marc:datafield>
          <marc:datafield tag="937" ind1=" " ind2=" ">
            <marc:subfield code="a">Non-Fiction</marc:subfield>
            <marc:subfield code="5">NRU</marc:subfield>
          </marc:datafield>
          <marc:datafield tag="941" ind1=" " ind2=" ">
            <marc:subfield code="a">eng</marc:subfield>
            <marc:subfield code="5">NRU</marc:subfield>
          </marc:datafield>
          <marc:datafield tag="943" ind1=" " ind2=" ">
            <marc:subfield code="a">English</marc:subfield>
            <marc:subfield code="5">NRU</marc:subfield>
          </marc:datafield>
          <marc:datafield tag="947" ind1=" " ind2=" ">
            <marc:subfield code="a">0807812854 </marc:subfield>
            <marc:subfield code="5">NRU</marc:subfield>
          </marc:datafield>
          <marc:datafield tag="947" ind1=" " ind2=" ">
            <marc:subfield code="a">0807813842 </marc:subfield>
            <marc:subfield code="5">NRU</marc:subfield>
          </marc:datafield>
          <marc:datafield tag="947" ind1=" " ind2=" ">
            <marc:subfield code="a">0807815578 </marc:subfield>
            <marc:subfield code="5">NRU</marc:subfield>
          </marc:datafield>
          <marc:datafield tag="947" ind1=" " ind2=" ">
            <marc:subfield code="a">080781668X </marc:subfield>
            <marc:subfield code="5">NRU</marc:subfield>
          </marc:datafield>
          <marc:datafield tag="947" ind1=" " ind2=" ">
            <marc:subfield code="a">0807818178 </marc:subfield>
            <marc:subfield code="5">NRU</marc:subfield>
          </marc:datafield>
          <marc:datafield tag="947" ind1=" " ind2=" ">
            <marc:subfield code="a">080781993X </marc:subfield>
            <marc:subfield code="5">NRU</marc:subfield>
          </marc:datafield>
          <marc:datafield tag="947" ind1=" " ind2=" ">
            <marc:subfield code="a">0807820946 </marc:subfield>
            <marc:subfield code="5">NRU</marc:subfield>
          </marc:datafield>
          <marc:datafield tag="947" ind1=" " ind2=" ">
            <marc:subfield code="a">0807822124 </marc:subfield>
            <marc:subfield code="5">NRU</marc:subfield>
          </marc:datafield>
          <marc:datafield tag="947" ind1=" " ind2=" ">
            <marc:subfield code="a">0807823104 </marc:subfield>
            <marc:subfield code="5">NRU</marc:subfield>
          </marc:datafield>
          <marc:datafield tag="947" ind1=" " ind2=" ">
            <marc:subfield code="a">0807824194 </marc:subfield>
            <marc:subfield code="5">NRU</marc:subfield>
          </marc:datafield>
          <marc:datafield tag="035" ind1=" " ind2=" ">
            <marc:subfield code="a">(NRU)28</marc:subfield>
          </marc:datafield>
          <marc:datafield tag="240" ind1="0" ind2="0">
            <marc:subfield code="a">Papers of General Nathanael Greene /</marc:subfield>
          </marc:datafield>
          <marc:datafield tag="965" ind1="1" ind2="0">
            <marc:subfield code="a">Greene, Nathanael,</marc:subfield>
            <marc:subfield code="d">1742-1786</marc:subfield>
            <marc:subfield code="5">NRU</marc:subfield>
          </marc:datafield>
          <marc:datafield tag="965" ind1="1" ind2="0">
            <marc:subfield code="a">United States.</marc:subfield>
            <marc:subfield code="b">Army</marc:subfield>
            <marc:subfield code="5">NRU</marc:subfield>
          </marc:datafield>
          <marc:datafield tag="965" ind1="1" ind2="0">
            <marc:subfield code="a">United States.</marc:subfield>
            <marc:subfield code="b">Continental Army</marc:subfield>
            <marc:subfield code="5">NRU</marc:subfield>
          </marc:datafield>
          <marc:datafield tag="965" ind1=" " ind2="0">
            <marc:subfield code="a">Generals</marc:subfield>
            <marc:subfield code="5">NRU</marc:subfield>
          </marc:datafield>
          <marc:datafield tag="965" ind1="1" ind2="0">
            <marc:subfield code="x">Correspondence</marc:subfield>
            <marc:subfield code="5">NRU</marc:subfield>
          </marc:datafield>
          <marc:datafield tag="965" ind1="1" ind2="0">
            <marc:subfield code="x">Manuscripts.</marc:subfield>
            <marc:subfield code="5">NRU</marc:subfield>
          </marc:datafield>
          <marc:datafield tag="965" ind1="1" ind2="0">
            <marc:subfield code="x">History</marc:subfield>
            <marc:subfield code="5">NRU</marc:subfield>
          </marc:datafield>
          <marc:datafield tag="963" ind1=" " ind2="0">
            <marc:subfield code="y">Revolution, 1775-1783</marc:subfield>
            <marc:subfield code="5">NRU</marc:subfield>
          </marc:datafield>
          <marc:datafield tag="967" ind1=" " ind2="0">
            <marc:subfield code="a">United States</marc:subfield>
            <marc:subfield code="5">NRU</marc:subfield>
          </marc:datafield>
          <marc:datafield tag="969" ind1="1" ind2="0">
            <marc:subfield code="v">Archives.</marc:subfield>
            <marc:subfield code="5">NRU</marc:subfield>
          </marc:datafield>
          <marc:datafield tag="969" ind1="1" ind2="0">
            <marc:subfield code="v">Biography.</marc:subfield>
            <marc:subfield code="5">NRU</marc:subfield>
          </marc:datafield>
          <marc:datafield tag="969" ind1="1" ind2="0">
            <marc:subfield code="v">Sources.</marc:subfield>
            <marc:subfield code="5">NRU</marc:subfield>
          </marc:datafield>
          <marc:datafield tag="969" ind1=" " ind2="0">
            <marc:subfield code="v">Correspondence.</marc:subfield>
            <marc:subfield code="5">NRU</marc:subfield>
          </marc:datafield>
        </marc:record>
      </metadata>
    </record>
    <record>
      <header>
        <identifier>oai:mst.rochester.edu:marcnormalization/5061</identifier>
        <datestamp>2011-03-02T19:21:22Z</datestamp>
        <setSpec>MARCXMLholding</setSpec>
        <setSpec>marcnormalization</setSpec>
      </header>
      <metadata>
        <marc:record xmlns:marc="http://www.loc.gov/MARC21/slim" xmlns:xsi="http://www.w3.org/2001/XMLSchema-instance" xsi:schemaLocation="http://www.loc.gov/MARC21/slim http://128.151.244.137:8080/OAIToolkit/schema/MARC21slim_custom.xsd">
          <marc:leader>00391cv  a22001213  4500</marc:leader>
          <marc:controlfield tag="001">46</marc:controlfield>
          <marc:controlfield tag="004">28</marc:controlfield>
          <marc:controlfield tag="005">20051203105933.0</marc:controlfield>
          <marc:controlfield tag="008">9612094p    8   2001aueng0000000</marc:controlfield>
          <marc:datafield ind1="1" ind2=" " tag="014">
            <marc:subfield code="a">00001450</marc:subfield>
          </marc:datafield>
          <marc:datafield ind1="0" ind2=" " tag="852">
            <marc:subfield code="b">RheesStack</marc:subfield>
            <marc:subfield code="h">E302.6.G77</marc:subfield>
            <marc:subfield code="i">A33</marc:subfield>
            <marc:subfield code="x">HAVE CURRENT SUBSCRIPTION</marc:subfield>
          </marc:datafield>
          <marc:datafield ind1="4" ind2="2" tag="856">
            <marc:subfield code="3">Purchased by The Morgan John Rhees ('21) Fund.</marc:subfield>
            <marc:subfield code="u">http://www.library.rochester.edu/index.cfm?page=funds&amp;fund=rhees, morgan john</marc:subfield>
          </marc:datafield>
          <marc:datafield ind1="3" ind2="0" tag="866">
            <marc:subfield code="a">v.1-13</marc:subfield>
          </marc:datafield>
        </marc:record>
      </metadata>
    </record>
    <record>
      <header>
        <identifier>oai:mst.rochester.edu:marcnormalization/5062</identifier>
        <datestamp>2011-03-02T19:21:22Z</datestamp>
        <setSpec>MARCXMLholding</setSpec>
        <setSpec>marcnormalization</setSpec>
      </header>
      <metadata>
        <marc:record xmlns:marc="http://www.loc.gov/MARC21/slim" xmlns:xsi="http://www.w3.org/2001/XMLSchema-instance" xsi:schemaLocation="http://www.loc.gov/MARC21/slim http://128.151.244.137:8080/OAIToolkit/schema/MARC21slim_custom.xsd">
          <marc:leader>00168nx  a22000854  4500</marc:leader>
          <marc:controlfield tag="001">1670220 </marc:controlfield>
          <marc:controlfield tag="004">28      </marc:controlfield>
          <marc:controlfield tag="005">20000831100000.0</marc:controlfield>
          <marc:controlfield tag="008">0008310p    8   1001uu   0000000</marc:controlfield>
          <marc:datafield ind1=" " ind2=" " tag="852">
            <marc:subfield code="b">CarlStack</marc:subfield>
          </marc:datafield>
        </marc:record>
      </metadata>
    </record>
    <record>
      <header>
        <identifier>oai:mst.rochester.edu:marcnormalization/5063</identifier>
        <datestamp>2011-03-02T19:21:22Z</datestamp>
        <setSpec>MARCXMLholding</setSpec>
        <setSpec>marcnormalization</setSpec>
      </header>
      <metadata>
        <marc:record xmlns:marc="http://www.loc.gov/MARC21/slim" xmlns:xsi="http://www.w3.org/2001/XMLSchema-instance" xsi:schemaLocation="http://www.loc.gov/MARC21/slim http://128.151.244.137:8080/OAIToolkit/schema/MARC21slim_custom.xsd">
          <marc:leader>00168nx  a22000854  4500</marc:leader>
          <marc:controlfield tag="001">1683946 </marc:controlfield>
          <marc:controlfield tag="004">28      </marc:controlfield>
          <marc:controlfield tag="005">20000831100000.0</marc:controlfield>
          <marc:controlfield tag="008">0008310p    8   1001uu   0000000</marc:controlfield>
          <marc:datafield ind1=" " ind2=" " tag="852">
            <marc:subfield code="b">MinerRdRm</marc:subfield>
          </marc:datafield>
        </marc:record>
      </metadata>
    </record>
    <record>
      <header>
        <identifier>oai:mst.rochester.edu:marcnormalization/5064</identifier>
        <datestamp>2011-03-02T19:21:22Z</datestamp>
        <setSpec>MARCXMLholding</setSpec>
        <setSpec>marcnormalization</setSpec>
      </header>
      <metadata>
        <marc:record xmlns:marc="http://www.loc.gov/MARC21/slim" xmlns:xsi="http://www.w3.org/2001/XMLSchema-instance" xsi:schemaLocation="http://www.loc.gov/MARC21/slim http://128.151.244.137:8080/OAIToolkit/schema/MARC21slim_custom.xsd">
          <marc:leader>00167nx  a22000854  4500</marc:leader>
          <marc:controlfield tag="001">1958785 </marc:controlfield>
          <marc:controlfield tag="004">28      </marc:controlfield>
          <marc:controlfield tag="005">20000831100000.0</marc:controlfield>
          <marc:controlfield tag="008">0008310p    8   1001uu   0000000</marc:controlfield>
          <marc:datafield ind1=" " ind2=" " tag="852">
            <marc:subfield code="b">KCEngl  </marc:subfield>
          </marc:datafield>
        </marc:record>
      </metadata>
    </record>
    <record>
      <header>
        <identifier>oai:mst.rochester.edu:marcnormalization/5065</identifier>
        <datestamp>2011-03-02T19:21:22Z</datestamp>
        <setSpec>MARCXMLholding</setSpec>
        <setSpec>marcnormalization</setSpec>
      </header>
      <metadata>
        <marc:record xmlns:marc="http://www.loc.gov/MARC21/slim" xmlns:xsi="http://www.w3.org/2001/XMLSchema-instance" xsi:schemaLocation="http://www.loc.gov/MARC21/slim http://128.151.244.137:8080/OAIToolkit/schema/MARC21slim_custom.xsd">
          <marc:leader>00167nx  a22000854  4500</marc:leader>
          <marc:controlfield tag="001">1958903 </marc:controlfield>
          <marc:controlfield tag="004">28      </marc:controlfield>
          <marc:controlfield tag="005">20000831100000.0</marc:controlfield>
          <marc:controlfield tag="008">0008310p    8   1001uu   0000000</marc:controlfield>
          <marc:datafield ind1=" " ind2=" " tag="852">
            <marc:subfield code="b">SibRecrd</marc:subfield>
          </marc:datafield>
        </marc:record>
      </metadata>
    </record>
    <record>
      <header>
        <identifier>oai:mst.rochester.edu:marcnormalization/5066</identifier>
        <datestamp>2011-03-02T19:21:22Z</datestamp>
        <setSpec>MARCXMLholding</setSpec>
        <setSpec>marcnormalization</setSpec>
      </header>
      <metadata>
        <marc:record xmlns:marc="http://www.loc.gov/MARC21/slim" xmlns:xsi="http://www.w3.org/2001/XMLSchema-instance" xsi:schemaLocation="http://www.loc.gov/MARC21/slim http://128.151.244.137:8080/OAIToolkit/schema/MARC21slim_custom.xsd">
          <marc:leader>00753nx  a22003254  4500</marc:leader>
          <marc:controlfield tag="001">1959358 </marc:controlfield>
          <marc:controlfield tag="004">28      </marc:controlfield>
          <marc:controlfield tag="005">20000831100000.0</marc:controlfield>
          <marc:controlfield tag="008">0008310p    8   1001uu   0000000</marc:controlfield>
          <marc:datafield ind1=" " ind2=" " tag="852">
            <marc:subfield code="b">SibCollWks</marc:subfield>
          </marc:datafield>
          <marc:datafield ind1=" " ind2="0" tag="866">
            <marc:subfield code="8">0</marc:subfield>
            <marc:subfield code="a">v. 4, 8</marc:subfield>
          </marc:datafield>
          <marc:datafield ind1=" " ind2="0" tag="866">
            <marc:subfield code="8">0</marc:subfield>
            <marc:subfield code="a">v. 5, 6, 7</marc:subfield>
          </marc:datafield>
          <marc:datafield ind1=" " ind2="0" tag="866">
            <marc:subfield code="8">0</marc:subfield>
            <marc:subfield code="a">v. 9, 1-2</marc:subfield>
          </marc:datafield>
          <marc:datafield ind1=" " ind2="0" tag="866">
            <marc:subfield code="8">0</marc:subfield>
            <marc:subfield code="a">v. 9, 4 &amp; 12</marc:subfield>
          </marc:datafield>
          <marc:datafield ind1=" " ind2="0" tag="866">
            <marc:subfield code="8">0</marc:subfield>
            <marc:subfield code="a">v. 11, 1-2</marc:subfield>
          </marc:datafield>
          <marc:datafield ind1=" " ind2="0" tag="866">
            <marc:subfield code="8">0</marc:subfield>
            <marc:subfield code="a">v. 11, 3-4 &amp; v. 10</marc:subfield>
          </marc:datafield>
          <marc:datafield ind1=" " ind2="0" tag="866">
            <marc:subfield code="8">0</marc:subfield>
            <marc:subfield code="a">v. 13, 1</marc:subfield>
          </marc:datafield>
          <marc:datafield ind1=" " ind2="0" tag="866">
            <marc:subfield code="8">0</marc:subfield>
            <marc:subfield code="a">v. 13, 2-3</marc:subfield>
          </marc:datafield>
          <marc:datafield ind1=" " ind2="0" tag="866">
            <marc:subfield code="8">0</marc:subfield>
            <marc:subfield code="a">v. 14, 1</marc:subfield>
          </marc:datafield>
          <marc:datafield ind1=" " ind2="0" tag="866">
            <marc:subfield code="8">0</marc:subfield>
            <marc:subfield code="a">v. 14, 2</marc:subfield>
          </marc:datafield>
          <marc:datafield ind1=" " ind2="0" tag="866">
            <marc:subfield code="8">0</marc:subfield>
            <marc:subfield code="a">v. 14, 3-5</marc:subfield>
          </marc:datafield>
          <marc:datafield ind1=" " ind2="0" tag="866">
            <marc:subfield code="8">0</marc:subfield>
            <marc:subfield code="a">v. 15, 1</marc:subfield>
          </marc:datafield>
          <marc:datafield ind1=" " ind2="0" tag="866">
            <marc:subfield code="8">0</marc:subfield>
            <marc:subfield code="a">v. 15, 2</marc:subfield>
          </marc:datafield>
          <marc:datafield ind1=" " ind2="0" tag="866">
            <marc:subfield code="8">0</marc:subfield>
            <marc:subfield code="a">v. 15, 3</marc:subfield>
          </marc:datafield>
          <marc:datafield ind1=" " ind2="0" tag="866">
            <marc:subfield code="8">0</marc:subfield>
            <marc:subfield code="a">v. 15, 4</marc:subfield>
          </marc:datafield>
          <marc:datafield ind1=" " ind2="0" tag="866">
            <marc:subfield code="8">0</marc:subfield>
            <marc:subfield code="a">v. 15, 5</marc:subfield>
          </marc:datafield>
          <marc:datafield ind1=" " ind2="0" tag="866">
            <marc:subfield code="8">0</marc:subfield>
            <marc:subfield code="a">v. 15, 8</marc:subfield>
          </marc:datafield>
          <marc:datafield ind1=" " ind2="0" tag="866">
            <marc:subfield code="8">0</marc:subfield>
            <marc:subfield code="a">v. 15, 9</marc:subfield>
          </marc:datafield>
          <marc:datafield ind1=" " ind2="0" tag="866">
            <marc:subfield code="8">0</marc:subfield>
            <marc:subfield code="a">v. 16, 17, 18</marc:subfield>
          </marc:datafield>
          <marc:datafield ind1=" " ind2="0" tag="866">
            <marc:subfield code="8">0</marc:subfield>
            <marc:subfield code="a">v. 19</marc:subfield>
          </marc:datafield>
        </marc:record>
      </metadata>
    </record>
    <record>
      <header>
        <identifier>oai:mst.rochester.edu:marcnormalization/5067</identifier>
        <datestamp>2011-03-02T19:21:22Z</datestamp>
        <setSpec>MARCXMLholding</setSpec>
        <setSpec>marcnormalization</setSpec>
      </header>
      <metadata>
        <marc:record xmlns:marc="http://www.loc.gov/MARC21/slim" xmlns:xsi="http://www.w3.org/2001/XMLSchema-instance" xsi:schemaLocation="http://www.loc.gov/MARC21/slim http://128.151.244.137:8080/OAIToolkit/schema/MARC21slim_custom.xsd">
          <marc:leader>00167nx  a22000854  4500</marc:leader>
          <marc:controlfield tag="001">1959434 </marc:controlfield>
          <marc:controlfield tag="004">28      </marc:controlfield>
          <marc:controlfield tag="005">20000831100000.0</marc:controlfield>
          <marc:controlfield tag="008">0008310p    8   1001uu   0000000</marc:controlfield>
          <marc:datafield ind1=" " ind2=" " tag="852">
            <marc:subfield code="b">SibRef  </marc:subfield>
          </marc:datafield>
        </marc:record>
      </metadata>
    </record>
    <record>
      <header>
        <identifier>oai:mst.rochester.edu:marcnormalization/5068</identifier>
        <datestamp>2011-03-02T19:21:22Z</datestamp>
        <setSpec>MARCXMLholding</setSpec>
        <setSpec>marcnormalization</setSpec>
      </header>
      <metadata>
        <marc:record xmlns:marc="http://www.loc.gov/MARC21/slim" xmlns:xsi="http://www.w3.org/2001/XMLSchema-instance" xsi:schemaLocation="http://www.loc.gov/MARC21/slim http://128.151.244.137:8080/OAIToolkit/schema/MARC21slim_custom.xsd">
          <marc:leader>00167nx  a22000854  4500</marc:leader>
          <marc:controlfield tag="001">1959957 </marc:controlfield>
          <marc:controlfield tag="004">28      </marc:controlfield>
          <marc:controlfield tag="005">20000831100000.0</marc:controlfield>
          <marc:controlfield tag="008">0008310p    8   1001uu   0000000</marc:controlfield>
          <marc:datafield ind1=" " ind2=" " tag="852">
            <marc:subfield code="b">RheesRef</marc:subfield>
          </marc:datafield>
        </marc:record>
      </metadata>
    </record>
    <record>
      <header>
        <identifier>oai:mst.rochester.edu:marcnormalization/5069</identifier>
        <datestamp>2011-03-02T19:21:22Z</datestamp>
        <setSpec>MARCXMLholding</setSpec>
        <setSpec>marcnormalization</setSpec>
      </header>
      <metadata>
        <marc:record xmlns:marc="http://www.loc.gov/MARC21/slim" xmlns:xsi="http://www.w3.org/2001/XMLSchema-instance" xsi:schemaLocation="http://www.loc.gov/MARC21/slim http://128.151.244.137:8080/OAIToolkit/schema/MARC21slim_custom.xsd">
          <marc:leader>00167nx  a22000854  4500</marc:leader>
          <marc:controlfield tag="001">1960653 </marc:controlfield>
          <marc:controlfield tag="004">28      </marc:controlfield>
          <marc:controlfield tag="005">20000831100000.0</marc:controlfield>
          <marc:controlfield tag="008">0008310p    8   1001uu   0000000</marc:controlfield>
          <marc:datafield ind1=" " ind2=" " tag="852">
            <marc:subfield code="b">MMCStack</marc:subfield>
          </marc:datafield>
        </marc:record>
      </metadata>
    </record>
    <record>
      <header>
        <identifier>oai:mst.rochester.edu:marcnormalization/5070</identifier>
        <datestamp>2011-03-02T19:21:22Z</datestamp>
        <setSpec>MARCXMLholding</setSpec>
        <setSpec>marcnormalization</setSpec>
      </header>
      <metadata>
        <marc:record xmlns:marc="http://www.loc.gov/MARC21/slim" xmlns:xsi="http://www.w3.org/2001/XMLSchema-instance" xsi:schemaLocation="http://www.loc.gov/MARC21/slim http://128.151.244.137:8080/OAIToolkit/schema/MARC21slim_custom.xsd">
          <marc:leader>00167nx  a22000854  4500</marc:leader>
          <marc:controlfield tag="001">1961200 </marc:controlfield>
          <marc:controlfield tag="004">28      </marc:controlfield>
          <marc:controlfield tag="005">20000831100000.0</marc:controlfield>
          <marc:controlfield tag="008">0008310p    8   1001uu   0000000</marc:controlfield>
          <marc:datafield ind1=" " ind2=" " tag="852">
            <marc:subfield code="b">MAGMus  </marc:subfield>
          </marc:datafield>
        </marc:record>
      </metadata>
    </record>
    <record>
      <header>
        <identifier>oai:mst.rochester.edu:marcnormalization/5071</identifier>
        <datestamp>2011-03-02T19:21:22Z</datestamp>
        <setSpec>MARCXMLholding</setSpec>
        <setSpec>marcnormalization</setSpec>
      </header>
      <metadata>
        <marc:record xmlns:marc="http://www.loc.gov/MARC21/slim" xmlns:xsi="http://www.w3.org/2001/XMLSchema-instance" xsi:schemaLocation="http://www.loc.gov/MARC21/slim http://128.151.244.137:8080/OAIToolkit/schema/MARC21slim_custom.xsd">
          <marc:leader>00169nx  a22000854  4500</marc:leader>
          <marc:controlfield tag="001">1961208 </marc:controlfield>
          <marc:controlfield tag="004">28      </marc:controlfield>
          <marc:controlfield tag="005">20000831100000.0</marc:controlfield>
          <marc:controlfield tag="008">0008310p    8   1001uu   0000000</marc:controlfield>
          <marc:datafield ind1=" " ind2=" " tag="852">
            <marc:subfield code="b">RobOvrsize</marc:subfield>
          </marc:datafield>
        </marc:record>
      </metadata>
    </record>
    <record>
      <header>
        <identifier>oai:mst.rochester.edu:marcnormalization/5072</identifier>
        <datestamp>2011-03-02T19:21:22Z</datestamp>
        <setSpec>MARCXMLholding</setSpec>
        <setSpec>marcnormalization</setSpec>
      </header>
      <metadata>
        <marc:record xmlns:marc="http://www.loc.gov/MARC21/slim" xmlns:xsi="http://www.w3.org/2001/XMLSchema-instance" xsi:schemaLocation="http://www.loc.gov/MARC21/slim http://128.151.244.137:8080/OAIToolkit/schema/MARC21slim_custom.xsd">
          <marc:leader>00168nx  a22000854  4500</marc:leader>
          <marc:controlfield tag="001">1961212 </marc:controlfield>
          <marc:controlfield tag="004">28      </marc:controlfield>
          <marc:controlfield tag="005">20000831100000.0</marc:controlfield>
          <marc:controlfield tag="008">0008310p    8   1001uu   0000000</marc:controlfield>
          <marc:datafield ind1=" " ind2=" " tag="852">
            <marc:subfield code="b">CarlBrows</marc:subfield>
          </marc:datafield>
        </marc:record>
      </metadata>
    </record>
    <record>
      <header>
        <identifier>oai:mst.rochester.edu:marcnormalization/5073</identifier>
        <datestamp>2011-03-02T19:21:22Z</datestamp>
        <setSpec>MARCXMLholding</setSpec>
        <setSpec>marcnormalization</setSpec>
      </header>
      <metadata>
        <marc:record xmlns:marc="http://www.loc.gov/MARC21/slim" xmlns:xsi="http://www.w3.org/2001/XMLSchema-instance" xsi:schemaLocation="http://www.loc.gov/MARC21/slim http://128.151.244.137:8080/OAIToolkit/schema/MARC21slim_custom.xsd">
          <marc:leader>00169nx  a22000854  4500</marc:leader>
          <marc:controlfield tag="001">1961239 </marc:controlfield>
          <marc:controlfield tag="004">28      </marc:controlfield>
          <marc:controlfield tag="005">20000831100000.0</marc:controlfield>
          <marc:controlfield tag="008">0008310p    8   1001uu   0000000</marc:controlfield>
          <marc:datafield ind1=" " ind2=" " tag="852">
            <marc:subfield code="b">RobbinsRef</marc:subfield>
          </marc:datafield>
        </marc:record>
      </metadata>
    </record>
    <record>
      <header>
        <identifier>oai:mst.rochester.edu:marcnormalization/5074</identifier>
        <datestamp>2011-03-02T19:21:22Z</datestamp>
        <setSpec>MARCXMLholding</setSpec>
        <setSpec>marcnormalization</setSpec>
      </header>
      <metadata>
        <marc:record xmlns:marc="http://www.loc.gov/MARC21/slim" xmlns:xsi="http://www.w3.org/2001/XMLSchema-instance" xsi:schemaLocation="http://www.loc.gov/MARC21/slim http://128.151.244.137:8080/OAIToolkit/schema/MARC21slim_custom.xsd">
          <marc:leader>00167nx  a22000854  4500</marc:leader>
          <marc:controlfield tag="001">1961447 </marc:controlfield>
          <marc:controlfield tag="004">28      </marc:controlfield>
          <marc:controlfield tag="005">20000831100000.0</marc:controlfield>
          <marc:controlfield tag="008">0008310p    8   1001uu   0000000</marc:controlfield>
          <marc:datafield ind1=" " ind2=" " tag="852">
            <marc:subfield code="b">SibStack</marc:subfield>
          </marc:datafield>
        </marc:record>
      </metadata>
    </record>
    <record>
      <header>
        <identifier>oai:mst.rochester.edu:marcnormalization/5075</identifier>
        <datestamp>2011-03-02T19:21:22Z</datestamp>
        <setSpec>MARCXMLholding</setSpec>
        <setSpec>marcnormalization</setSpec>
      </header>
      <metadata>
        <marc:record xmlns:marc="http://www.loc.gov/MARC21/slim" xmlns:xsi="http://www.w3.org/2001/XMLSchema-instance" xsi:schemaLocation="http://www.loc.gov/MARC21/slim http://128.151.244.137:8080/OAIToolkit/schema/MARC21slim_custom.xsd">
          <marc:leader>00167nx  a22000854  4500</marc:leader>
          <marc:controlfield tag="001">1961713 </marc:controlfield>
          <marc:controlfield tag="004">28      </marc:controlfield>
          <marc:controlfield tag="005">20000831100000.0</marc:controlfield>
          <marc:controlfield tag="008">0008310p    8   1001uu   0000000</marc:controlfield>
          <marc:datafield ind1=" " ind2=" " tag="852">
            <marc:subfield code="b">POA Ref </marc:subfield>
          </marc:datafield>
        </marc:record>
      </metadata>
    </record>
    <record>
      <header>
        <identifier>oai:mst.rochester.edu:marcnormalization/5076</identifier>
        <datestamp>2011-03-02T19:21:22Z</datestamp>
        <setSpec>MARCXMLholding</setSpec>
        <setSpec>marcnormalization</setSpec>
      </header>
      <metadata>
        <marc:record xmlns:marc="http://www.loc.gov/MARC21/slim" xmlns:xsi="http://www.w3.org/2001/XMLSchema-instance" xsi:schemaLocation="http://www.loc.gov/MARC21/slim http://128.151.244.137:8080/OAIToolkit/schema/MARC21slim_custom.xsd">
          <marc:leader>00167nx  a22000854  4500</marc:leader>
          <marc:controlfield tag="001">1961781 </marc:controlfield>
          <marc:controlfield tag="004">28      </marc:controlfield>
          <marc:controlfield tag="005">20000831100000.0</marc:controlfield>
          <marc:controlfield tag="008">0008310p    8   1001uu   0000000</marc:controlfield>
          <marc:datafield ind1=" " ind2=" " tag="852">
            <marc:subfield code="b">MAGRef  </marc:subfield>
          </marc:datafield>
        </marc:record>
      </metadata>
    </record>
    <record>
      <header>
        <identifier>oai:mst.rochester.edu:marcnormalization/5077</identifier>
        <datestamp>2011-03-02T19:21:22Z</datestamp>
        <setSpec>MARCXMLholding</setSpec>
        <setSpec>marcnormalization</setSpec>
      </header>
      <metadata>
        <marc:record xmlns:marc="http://www.loc.gov/MARC21/slim" xmlns:xsi="http://www.w3.org/2001/XMLSchema-instance" xsi:schemaLocation="http://www.loc.gov/MARC21/slim http://128.151.244.137:8080/OAIToolkit/schema/MARC21slim_custom.xsd">
          <marc:leader>00167nx  a22000854  4500</marc:leader>
          <marc:controlfield tag="001">1961841 </marc:controlfield>
          <marc:controlfield tag="004">28      </marc:controlfield>
          <marc:controlfield tag="005">20000831100000.0</marc:controlfield>
          <marc:controlfield tag="008">0008310p    8   1001uu   0000000</marc:controlfield>
          <marc:datafield ind1=" " ind2=" " tag="852">
            <marc:subfield code="b">MAGStack</marc:subfield>
          </marc:datafield>
        </marc:record>
      </metadata>
    </record>
    <record>
      <header>
        <identifier>oai:mst.rochester.edu:marcnormalization/5078</identifier>
        <datestamp>2011-03-02T19:21:22Z</datestamp>
        <setSpec>MARCXMLholding</setSpec>
        <setSpec>marcnormalization</setSpec>
      </header>
      <metadata>
        <marc:record xmlns:marc="http://www.loc.gov/MARC21/slim" xmlns:xsi="http://www.w3.org/2001/XMLSchema-instance" xsi:schemaLocation="http://www.loc.gov/MARC21/slim http://128.151.244.137:8080/OAIToolkit/schema/MARC21slim_custom.xsd">
          <marc:leader>00167nx  a22000854  4500</marc:leader>
          <marc:controlfield tag="001">1962157 </marc:controlfield>
          <marc:controlfield tag="004">28      </marc:controlfield>
          <marc:controlfield tag="005">20000831100000.0</marc:controlfield>
          <marc:controlfield tag="008">0008310p    8   1001uu   0000000</marc:controlfield>
          <marc:datafield ind1=" " ind2=" " tag="852">
            <marc:subfield code="b">CarlRes </marc:subfield>
          </marc:datafield>
        </marc:record>
      </metadata>
    </record>
    <record>
      <header>
        <identifier>oai:mst.rochester.edu:marcnormalization/5079</identifier>
        <datestamp>2011-03-02T19:21:22Z</datestamp>
        <setSpec>MARCXMLholding</setSpec>
        <setSpec>marcnormalization</setSpec>
      </header>
      <metadata>
        <marc:record xmlns:marc="http://www.loc.gov/MARC21/slim" xmlns:xsi="http://www.w3.org/2001/XMLSchema-instance" xsi:schemaLocation="http://www.loc.gov/MARC21/slim http://128.151.244.137:8080/OAIToolkit/schema/MARC21slim_custom.xsd">
          <marc:leader>00167nx  a22000854  4500</marc:leader>
          <marc:controlfield tag="001">1962187 </marc:controlfield>
          <marc:controlfield tag="004">28      </marc:controlfield>
          <marc:controlfield tag="005">20000831100000.0</marc:controlfield>
          <marc:controlfield tag="008">0008310p    8   1001uu   0000000</marc:controlfield>
          <marc:datafield ind1=" " ind2=" " tag="852">
            <marc:subfield code="b">CarlRef </marc:subfield>
          </marc:datafield>
        </marc:record>
      </metadata>
    </record>
    <record>
      <header>
        <identifier>oai:mst.rochester.edu:marcnormalization/5080</identifier>
        <datestamp>2011-03-02T19:21:22Z</datestamp>
        <setSpec>MARCXMLholding</setSpec>
        <setSpec>marcnormalization</setSpec>
      </header>
      <metadata>
        <marc:record xmlns:marc="http://www.loc.gov/MARC21/slim" xmlns:xsi="http://www.w3.org/2001/XMLSchema-instance" xsi:schemaLocation="http://www.loc.gov/MARC21/slim http://128.151.244.137:8080/OAIToolkit/schema/MARC21slim_custom.xsd">
          <marc:leader>00169nx  a22000854  4500</marc:leader>
          <marc:controlfield tag="001">1962268 </marc:controlfield>
          <marc:controlfield tag="004">28      </marc:controlfield>
          <marc:controlfield tag="005">20000831100000.0</marc:controlfield>
          <marc:controlfield tag="008">0008310p    8   1001uu   0000000</marc:controlfield>
          <marc:datafield ind1=" " ind2=" " tag="852">
            <marc:subfield code="b">RheesLckCs</marc:subfield>
          </marc:datafield>
        </marc:record>
      </metadata>
    </record>
    <record>
      <header>
        <identifier>oai:mst.rochester.edu:marcnormalization/5081</identifier>
        <datestamp>2011-03-02T19:21:22Z</datestamp>
        <setSpec>MARCXMLholding</setSpec>
        <setSpec>marcnormalization</setSpec>
      </header>
      <metadata>
        <marc:record xmlns:marc="http://www.loc.gov/MARC21/slim" xmlns:xsi="http://www.w3.org/2001/XMLSchema-instance" xsi:schemaLocation="http://www.loc.gov/MARC21/slim http://128.151.244.137:8080/OAIToolkit/schema/MARC21slim_custom.xsd">
          <marc:leader>00168nx  a22000854  4500</marc:leader>
          <marc:controlfield tag="001">1962272 </marc:controlfield>
          <marc:controlfield tag="004">28      </marc:controlfield>
          <marc:controlfield tag="005">20000831100000.0</marc:controlfield>
          <marc:controlfield tag="008">0008310p    8   1001uu   0000000</marc:controlfield>
          <marc:datafield ind1=" " ind2=" " tag="852">
            <marc:subfield code="b">POA Stack</marc:subfield>
          </marc:datafield>
        </marc:record>
      </metadata>
    </record>
    <record>
      <header>
        <identifier>oai:mst.rochester.edu:marcnormalization/5082</identifier>
        <datestamp>2011-03-02T19:21:22Z</datestamp>
        <setSpec>MARCXMLholding</setSpec>
        <setSpec>marcnormalization</setSpec>
      </header>
      <metadata>
        <marc:record xmlns:marc="http://www.loc.gov/MARC21/slim" xmlns:xsi="http://www.w3.org/2001/XMLSchema-instance" xsi:schemaLocation="http://www.loc.gov/MARC21/slim http://128.151.244.137:8080/OAIToolkit/schema/MARC21slim_custom.xsd">
          <marc:leader>00168nx  a22000854  4500</marc:leader>
          <marc:controlfield tag="001">1962530 </marc:controlfield>
          <marc:controlfield tag="004">28      </marc:controlfield>
          <marc:controlfield tag="005">20000831100000.0</marc:controlfield>
          <marc:controlfield tag="008">0008310p    8   1001uu   0000000</marc:controlfield>
          <marc:datafield ind1=" " ind2=" " tag="852">
            <marc:subfield code="b">RheesRare</marc:subfield>
          </marc:datafield>
        </marc:record>
      </metadata>
    </record>
    <record>
      <header>
        <identifier>oai:mst.rochester.edu:marcnormalization/5083</identifier>
        <datestamp>2011-03-02T19:21:22Z</datestamp>
        <setSpec>MARCXMLholding</setSpec>
        <setSpec>marcnormalization</setSpec>
      </header>
      <metadata>
        <marc:record xmlns:marc="http://www.loc.gov/MARC21/slim" xmlns:xsi="http://www.w3.org/2001/XMLSchema-instance" xsi:schemaLocation="http://www.loc.gov/MARC21/slim http://128.151.244.137:8080/OAIToolkit/schema/MARC21slim_custom.xsd">
          <marc:leader>00165cx  a22000854  4500</marc:leader>
          <marc:controlfield tag="001">1962582</marc:controlfield>
          <marc:controlfield tag="004">28      </marc:controlfield>
          <marc:controlfield tag="005">20040112115627.0</marc:controlfield>
          <marc:controlfield tag="008">0008310p    8   1001uu   0000000</marc:controlfield>
          <marc:datafield ind1=" " ind2=" " tag="852">
            <marc:subfield code="b">ArtCage</marc:subfield>
          </marc:datafield>
        </marc:record>
      </metadata>
    </record>
    <record>
      <header>
        <identifier>oai:mst.rochester.edu:marcnormalization/5084</identifier>
        <datestamp>2011-03-02T19:21:22Z</datestamp>
        <setSpec>MARCXMLholding</setSpec>
        <setSpec>marcnormalization</setSpec>
      </header>
      <metadata>
        <marc:record xmlns:marc="http://www.loc.gov/MARC21/slim" xmlns:xsi="http://www.w3.org/2001/XMLSchema-instance" xsi:schemaLocation="http://www.loc.gov/MARC21/slim http://128.151.244.137:8080/OAIToolkit/schema/MARC21slim_custom.xsd">
          <marc:leader>00162cx  a22000854  4500</marc:leader>
          <marc:controlfield tag="001">1962593</marc:controlfield>
          <marc:controlfield tag="004">28      </marc:controlfield>
          <marc:controlfield tag="005">20060828111449.0</marc:controlfield>
          <marc:controlfield tag="008">0008310p    8   1001uu   0000000</marc:controlfield>
          <marc:datafield ind1=" " ind2=" " tag="852">
            <marc:subfield code="b">BGIL</marc:subfield>
          </marc:datafield>
        </marc:record>
      </metadata>
    </record>
    <record>
      <header>
        <identifier>oai:mst.rochester.edu:marcnormalization/5085</identifier>
        <datestamp>2011-03-02T19:21:22Z</datestamp>
        <setSpec>MARCXMLholding</setSpec>
        <setSpec>marcnormalization</setSpec>
      </header>
      <metadata>
        <marc:record xmlns:marc="http://www.loc.gov/MARC21/slim" xmlns:xsi="http://www.w3.org/2001/XMLSchema-instance" xsi:schemaLocation="http://www.loc.gov/MARC21/slim http://128.151.244.137:8080/OAIToolkit/schema/MARC21slim_custom.xsd">
          <marc:leader>00169nx  a22000854  4500</marc:leader>
          <marc:controlfield tag="001">1964328 </marc:controlfield>
          <marc:controlfield tag="004">28      </marc:controlfield>
          <marc:controlfield tag="005">20000831100000.0</marc:controlfield>
          <marc:controlfield tag="008">0008310p    8   1001uu   0000000</marc:controlfield>
          <marc:datafield ind1=" " ind2=" " tag="852">
            <marc:subfield code="b">ArtMuscRef</marc:subfield>
          </marc:datafield>
        </marc:record>
      </metadata>
    </record>
    <record>
      <header>
        <identifier>oai:mst.rochester.edu:marcnormalization/5086</identifier>
        <datestamp>2011-03-02T19:21:22Z</datestamp>
        <setSpec>MARCXMLholding</setSpec>
        <setSpec>marcnormalization</setSpec>
      </header>
      <metadata>
        <marc:record xmlns:marc="http://www.loc.gov/MARC21/slim" xmlns:xsi="http://www.w3.org/2001/XMLSchema-instance" xsi:schemaLocation="http://www.loc.gov/MARC21/slim http://128.151.244.137:8080/OAIToolkit/schema/MARC21slim_custom.xsd">
          <marc:leader>00164cx  a22000854  4500</marc:leader>
          <marc:controlfield tag="001">1964902</marc:controlfield>
          <marc:controlfield tag="004">28      </marc:controlfield>
          <marc:controlfield tag="005">20040624102314.0</marc:controlfield>
          <marc:controlfield tag="008">0008310p    8   1001uu   0000000</marc:controlfield>
          <marc:datafield ind1=" " ind2=" " tag="852">
            <marc:subfield code="b">ArtRef</marc:subfield>
          </marc:datafield>
        </marc:record>
      </metadata>
    </record>
    <record>
      <header>
        <identifier>oai:mst.rochester.edu:marcnormalization/5087</identifier>
        <datestamp>2011-03-02T19:21:22Z</datestamp>
        <setSpec>MARCXMLholding</setSpec>
        <setSpec>marcnormalization</setSpec>
      </header>
      <metadata>
        <marc:record xmlns:marc="http://www.loc.gov/MARC21/slim" xmlns:xsi="http://www.w3.org/2001/XMLSchema-instance" xsi:schemaLocation="http://www.loc.gov/MARC21/slim http://128.151.244.137:8080/OAIToolkit/schema/MARC21slim_custom.xsd">
          <marc:leader>00167nx  a22000854  4500</marc:leader>
          <marc:controlfield tag="001">1965371 </marc:controlfield>
          <marc:controlfield tag="004">28      </marc:controlfield>
          <marc:controlfield tag="005">20000831100000.0</marc:controlfield>
          <marc:controlfield tag="008">0008310p    8   1001uu   0000000</marc:controlfield>
          <marc:datafield ind1=" " ind2=" " tag="852">
            <marc:subfield code="b">KCRef   </marc:subfield>
          </marc:datafield>
        </marc:record>
      </metadata>
    </record>
    <record>
      <header>
        <identifier>oai:mst.rochester.edu:marcnormalization/5088</identifier>
        <datestamp>2011-03-02T19:21:22Z</datestamp>
        <setSpec>MARCXMLholding</setSpec>
        <setSpec>marcnormalization</setSpec>
      </header>
      <metadata>
        <marc:record xmlns:marc="http://www.loc.gov/MARC21/slim" xmlns:xsi="http://www.w3.org/2001/XMLSchema-instance" xsi:schemaLocation="http://www.loc.gov/MARC21/slim http://128.151.244.137:8080/OAIToolkit/schema/MARC21slim_custom.xsd">
          <marc:leader>00169nx  a22000854  4500</marc:leader>
          <marc:controlfield tag="001">1967027 </marc:controlfield>
          <marc:controlfield tag="004">28      </marc:controlfield>
          <marc:controlfield tag="005">20000831100000.0</marc:controlfield>
          <marc:controlfield tag="008">0008310p    8   1001uu   0000000</marc:controlfield>
          <marc:datafield ind1=" " ind2=" " tag="852">
            <marc:subfield code="b">ArtMusicRR</marc:subfield>
          </marc:datafield>
        </marc:record>
      </metadata>
    </record>
    <record>
      <header>
        <identifier>oai:mst.rochester.edu:marcnormalization/5089</identifier>
        <datestamp>2011-03-02T19:21:22Z</datestamp>
        <setSpec>MARCXMLholding</setSpec>
        <setSpec>marcnormalization</setSpec>
      </header>
      <metadata>
        <marc:record xmlns:marc="http://www.loc.gov/MARC21/slim" xmlns:xsi="http://www.w3.org/2001/XMLSchema-instance" xsi:schemaLocation="http://www.loc.gov/MARC21/slim http://128.151.244.137:8080/OAIToolkit/schema/MARC21slim_custom.xsd">
          <marc:leader>00167nx  a22000854  4500</marc:leader>
          <marc:controlfield tag="001">1968592 </marc:controlfield>
          <marc:controlfield tag="004">28      </marc:controlfield>
          <marc:controlfield tag="005">20000831100000.0</marc:controlfield>
          <marc:controlfield tag="008">0008310p    8   1001uu   0000000</marc:controlfield>
          <marc:datafield ind1=" " ind2=" " tag="852">
            <marc:subfield code="b">SibBJrnl</marc:subfield>
          </marc:datafield>
        </marc:record>
      </metadata>
    </record>
    <record>
      <header>
        <identifier>oai:mst.rochester.edu:marcnormalization/5090</identifier>
        <datestamp>2011-03-02T19:21:22Z</datestamp>
        <setSpec>MARCXMLholding</setSpec>
        <setSpec>marcnormalization</setSpec>
      </header>
      <metadata>
        <marc:record xmlns:marc="http://www.loc.gov/MARC21/slim" xmlns:xsi="http://www.w3.org/2001/XMLSchema-instance" xsi:schemaLocation="http://www.loc.gov/MARC21/slim http://128.151.244.137:8080/OAIToolkit/schema/MARC21slim_custom.xsd">
          <marc:leader>00168nx  a22000854  4500</marc:leader>
          <marc:controlfield tag="001">1968619 </marc:controlfield>
          <marc:controlfield tag="004">28      </marc:controlfield>
          <marc:controlfield tag="005">20000831100000.0</marc:controlfield>
          <marc:controlfield tag="008">0008310p    8   1001uu   0000000</marc:controlfield>
          <marc:datafield ind1=" " ind2=" " tag="852">
            <marc:subfield code="b">SibCurPer</marc:subfield>
          </marc:datafield>
        </marc:record>
      </metadata>
    </record>
    <record>
      <header>
        <identifier>oai:mst.rochester.edu:marcnormalization/5091</identifier>
        <datestamp>2011-03-02T19:21:22Z</datestamp>
        <setSpec>MARCXMLholding</setSpec>
        <setSpec>marcnormalization</setSpec>
      </header>
      <metadata>
        <marc:record xmlns:marc="http://www.loc.gov/MARC21/slim" xmlns:xsi="http://www.w3.org/2001/XMLSchema-instance" xsi:schemaLocation="http://www.loc.gov/MARC21/slim http://128.151.244.137:8080/OAIToolkit/schema/MARC21slim_custom.xsd">
          <marc:leader>00168nx  a22000854  4500</marc:leader>
          <marc:controlfield tag="001">1969407 </marc:controlfield>
          <marc:controlfield tag="004">28      </marc:controlfield>
          <marc:controlfield tag="005">20000831100000.0</marc:controlfield>
          <marc:controlfield tag="008">0008310p    8   1001uu   0000000</marc:controlfield>
          <marc:datafield ind1=" " ind2=" " tag="852">
            <marc:subfield code="b">POA HisOp</marc:subfield>
          </marc:datafield>
        </marc:record>
      </metadata>
    </record>
    <record>
      <header>
        <identifier>oai:mst.rochester.edu:marcnormalization/5092</identifier>
        <datestamp>2011-03-02T19:21:22Z</datestamp>
        <setSpec>MARCXMLholding</setSpec>
        <setSpec>marcnormalization</setSpec>
      </header>
      <metadata>
        <marc:record xmlns:marc="http://www.loc.gov/MARC21/slim" xmlns:xsi="http://www.w3.org/2001/XMLSchema-instance" xsi:schemaLocation="http://www.loc.gov/MARC21/slim http://128.151.244.137:8080/OAIToolkit/schema/MARC21slim_custom.xsd">
          <marc:leader>00168nx  a22000854  4500</marc:leader>
          <marc:controlfield tag="001">1971208 </marc:controlfield>
          <marc:controlfield tag="004">28      </marc:controlfield>
          <marc:controlfield tag="005">20000831100000.0</marc:controlfield>
          <marc:controlfield tag="008">0008310p    8   1001uu   0000000</marc:controlfield>
          <marc:datafield ind1=" " ind2=" " tag="852">
            <marc:subfield code="b">LLE Stack</marc:subfield>
          </marc:datafield>
        </marc:record>
      </metadata>
    </record>
    <record>
      <header>
        <identifier>oai:mst.rochester.edu:marcnormalization/5093</identifier>
        <datestamp>2011-03-02T19:21:22Z</datestamp>
        <setSpec>MARCXMLholding</setSpec>
        <setSpec>marcnormalization</setSpec>
      </header>
      <metadata>
        <marc:record xmlns:marc="http://www.loc.gov/MARC21/slim" xmlns:xsi="http://www.w3.org/2001/XMLSchema-instance" xsi:schemaLocation="http://www.loc.gov/MARC21/slim http://128.151.244.137:8080/OAIToolkit/schema/MARC21slim_custom.xsd">
          <marc:leader>00167nx  a22000854  4500</marc:leader>
          <marc:controlfield tag="001">1971293 </marc:controlfield>
          <marc:controlfield tag="004">28      </marc:controlfield>
          <marc:controlfield tag="005">20000831100000.0</marc:controlfield>
          <marc:controlfield tag="008">0008310p    8   1001uu   0000000</marc:controlfield>
          <marc:datafield ind1=" " ind2=" " tag="852">
            <marc:subfield code="b">MAGJuv  </marc:subfield>
          </marc:datafield>
        </marc:record>
      </metadata>
    </record>
    <record>
      <header>
        <identifier>oai:mst.rochester.edu:marcnormalization/5094</identifier>
        <datestamp>2011-03-02T19:21:22Z</datestamp>
        <setSpec>MARCXMLholding</setSpec>
        <setSpec>marcnormalization</setSpec>
      </header>
      <metadata>
        <marc:record xmlns:marc="http://www.loc.gov/MARC21/slim" xmlns:xsi="http://www.w3.org/2001/XMLSchema-instance" xsi:schemaLocation="http://www.loc.gov/MARC21/slim http://128.151.244.137:8080/OAIToolkit/schema/MARC21slim_custom.xsd">
          <marc:leader>00169nx  a22000854  4500</marc:leader>
          <marc:controlfield tag="001">1972793 </marc:controlfield>
          <marc:controlfield tag="004">28      </marc:controlfield>
          <marc:controlfield tag="005">20000831100000.0</marc:controlfield>
          <marc:controlfield tag="008">0008310p    8   1001uu   0000000</marc:controlfield>
          <marc:datafield ind1=" " ind2=" " tag="852">
            <marc:subfield code="b">RheesAtlas</marc:subfield>
          </marc:datafield>
        </marc:record>
      </metadata>
    </record>
    <record>
      <header>
        <identifier>oai:mst.rochester.edu:marcnormalization/5095</identifier>
        <datestamp>2011-03-02T19:21:22Z</datestamp>
        <setSpec>MARCXMLholding</setSpec>
        <setSpec>marcnormalization</setSpec>
      </header>
      <metadata>
        <marc:record xmlns:marc="http://www.loc.gov/MARC21/slim" xmlns:xsi="http://www.w3.org/2001/XMLSchema-instance" xsi:schemaLocation="http://www.loc.gov/MARC21/slim http://128.151.244.137:8080/OAIToolkit/schema/MARC21slim_custom.xsd">
          <marc:leader>00162cx  a22000854  4500</marc:leader>
          <marc:controlfield tag="001">1972954</marc:controlfield>
          <marc:controlfield tag="004">28      </marc:controlfield>
          <marc:controlfield tag="005">20061205150339.0</marc:controlfield>
          <marc:controlfield tag="008">0008310p    8   1001uu   0000000</marc:controlfield>
          <marc:datafield ind1=" " ind2=" " tag="852">
            <marc:subfield code="b">BGIL</marc:subfield>
          </marc:datafield>
        </marc:record>
      </metadata>
    </record>