
    <record>
      <header>
        <identifier>oai:mst.rochester.edu:marcnormalization/5098</identifier>
        <datestamp>2011-03-02T19:21:22Z</datestamp>
        <setSpec>MARCXMLbibliographic</setSpec>
        <setSpec>marcnormalization</setSpec>
      </header>
      <metadata>
        <marc:record xmlns:marc="http://www.loc.gov/MARC21/slim" xmlns:xsi="http://www.w3.org/2001/XMLSchema-instance" xsi:schemaLocation="http://www.loc.gov/MARC21/slim http://128.151.244.137:8080/OAIToolkit/schema/MARC21slim_custom.xsd">
          <marc:leader>00848cam a22002898  4500</marc:leader>
          <marc:controlfield tag="001">30</marc:controlfield>
          <marc:controlfield tag="005">20000531174034.0</marc:controlfield>
          <marc:controlfield tag="008">760128s1976    ohu      b    001 0beng  </marc:controlfield>
          <marc:controlfield tag="003">NRU</marc:controlfield>
          <marc:datafield ind1=" " ind2=" " tag="010">
            <marc:subfield code="a">   76002619 </marc:subfield>
          </marc:datafield>
          <marc:datafield ind1=" " ind2=" " tag="020">
            <marc:subfield code="a">0814202438 :</marc:subfield>
            <marc:subfield code="c">$15.00</marc:subfield>
          </marc:datafield>
          <marc:datafield ind1=" " ind2=" " tag="035">
            <marc:subfield code="a">(OCoLC)2020749</marc:subfield>
          </marc:datafield>
          <marc:datafield ind1=" " ind2=" " tag="035">
            <marc:subfield code="9">00001491</marc:subfield>
          </marc:datafield>
          <marc:datafield ind1=" " ind2=" " tag="040">
            <marc:subfield code="a">DLC</marc:subfield>
            <marc:subfield code="c">DLC</marc:subfield>
            <marc:subfield code="d">RRR</marc:subfield>
          </marc:datafield>
          <marc:datafield ind1=" " ind2=" " tag="049">
            <marc:subfield code="a">RRRR</marc:subfield>
          </marc:datafield>
          <marc:datafield ind1="0" ind2=" " tag="050">
            <marc:subfield code="a">JC273.F36</marc:subfield>
            <marc:subfield code="b">H36</marc:subfield>
          </marc:datafield>
          <marc:datafield ind1=" " ind2=" " tag="099">
            <marc:subfield code="a">JC273.F36 H36</marc:subfield>
          </marc:datafield>
          <marc:datafield ind1="1" ind2=" " tag="100">
            <marc:subfield code="a">Hansen, Emmanuel.</marc:subfield>
            <marc:subfield code="4">aut</marc:subfield>
          </marc:datafield>
          <marc:datafield ind1="0" ind2="0" tag="245">
            <marc:subfield code="a">Frantz Fanon :</marc:subfield>
            <marc:subfield code="b">social and political thought /</marc:subfield>
            <marc:subfield code="c">Emmanuel Hansen.</marc:subfield>
          </marc:datafield>
          <marc:datafield ind1=" " ind2=" " tag="260">
            <marc:subfield code="a">Columbus :</marc:subfield>
            <marc:subfield code="b">Ohio State University Press,</marc:subfield>
            <marc:subfield code="c">c1976.</marc:subfield>
          </marc:datafield>
          <marc:datafield ind1=" " ind2=" " tag="300">
            <marc:subfield code="a">xi, 232 p. ;</marc:subfield>
            <marc:subfield code="c">23 cm.</marc:subfield>
          </marc:datafield>
          <marc:datafield ind1=" " ind2=" " tag="500">
            <marc:subfield code="a">Includes index.</marc:subfield>
          </marc:datafield>
          <marc:datafield ind1=" " ind2=" " tag="504">
            <marc:subfield code="a">Bibliography: p. 209-226.</marc:subfield>
          </marc:datafield>
          <marc:datafield ind1="1" ind2="0" tag="600">
            <marc:subfield code="a">Fanon, Frantz,</marc:subfield>
            <marc:subfield code="d">1925-1961.</marc:subfield>
          </marc:datafield>
          <marc:datafield ind1=" " ind2="0" tag="650">
            <marc:subfield code="a">Political science.</marc:subfield>
          </marc:datafield>
          <marc:datafield ind1=" " ind2=" " tag="911">
            <marc:subfield code="a">p</marc:subfield>
          </marc:datafield>
          <marc:datafield ind1=" " ind2=" " tag="966">
            <marc:subfield code="l">Stack</marc:subfield>
            <marc:subfield code="m">RMON</marc:subfield>
            <marc:subfield code="s">JC273.F36 H36</marc:subfield>
            <marc:subfield code="b">39087006920336</marc:subfield>
          </marc:datafield>
          <marc:datafield ind1=" " ind2=" " tag="966">
            <marc:subfield code="l">GenStk</marc:subfield>
            <marc:subfield code="m">DIVMTH</marc:subfield>
            <marc:subfield code="s">JC273.F36 H36</marc:subfield>
          </marc:datafield>
          <marc:datafield tag="931" ind1=" " ind2=" ">
            <marc:subfield code="a">Text</marc:subfield>
            <marc:subfield code="5">NRU</marc:subfield>
          </marc:datafield>
          <marc:datafield tag="932" ind1=" " ind2=" ">
            <marc:subfield code="a">Language material</marc:subfield>
            <marc:subfield code="5">NRU</marc:subfield>
          </marc:datafield>
          <marc:datafield tag="933" ind1=" " ind2=" ">
            <marc:subfield code="a">Text</marc:subfield>
            <marc:subfield code="5">NRU</marc:subfield>
          </marc:datafield>
          <marc:datafield tag="935" ind1=" " ind2=" ">
            <marc:subfield code="a">Monograph/Item</marc:subfield>
            <marc:subfield code="5">NRU</marc:subfield>
          </marc:datafield>
          <marc:datafield tag="937" ind1=" " ind2=" ">
            <marc:subfield code="a">Non-Fiction</marc:subfield>
            <marc:subfield code="5">NRU</marc:subfield>
          </marc:datafield>
          <marc:datafield tag="941" ind1=" " ind2=" ">
            <marc:subfield code="a">eng</marc:subfield>
            <marc:subfield code="5">NRU</marc:subfield>
          </marc:datafield>
          <marc:datafield tag="943" ind1=" " ind2=" ">
            <marc:subfield code="a">English</marc:subfield>
            <marc:subfield code="5">NRU</marc:subfield>
          </marc:datafield>
          <marc:datafield tag="947" ind1=" " ind2=" ">
            <marc:subfield code="a">0814202438 </marc:subfield>
            <marc:subfield code="5">NRU</marc:subfield>
          </marc:datafield>
          <marc:datafield tag="035" ind1=" " ind2=" ">
            <marc:subfield code="a">(NRU)30</marc:subfield>
          </marc:datafield>
          <marc:datafield tag="240" ind1="0" ind2="0">
            <marc:subfield code="a">Frantz Fanon :</marc:subfield>
          </marc:datafield>
        </marc:record>
      </metadata>
    </record>
    <record>
      <header>
        <identifier>oai:mst.rochester.edu:marcnormalization/5099</identifier>
        <datestamp>2011-03-02T19:21:22Z</datestamp>
        <setSpec>MARCXMLholding</setSpec>
        <setSpec>marcnormalization</setSpec>
      </header>
      <metadata>
        <marc:record xmlns:marc="http://www.loc.gov/MARC21/slim" xmlns:xsi="http://www.w3.org/2001/XMLSchema-instance" xsi:schemaLocation="http://www.loc.gov/MARC21/slim http://128.151.244.137:8080/OAIToolkit/schema/MARC21slim_custom.xsd">
          <marc:leader>00197cx  a22000973  4500</marc:leader>
          <marc:controlfield tag="001">48</marc:controlfield>
          <marc:controlfield tag="004">30</marc:controlfield>
          <marc:controlfield tag="005">19961209123635.0</marc:controlfield>
          <marc:controlfield tag="008">9612090u    0   4001uu   0000000</marc:controlfield>
          <marc:datafield ind1=" " ind2=" " tag="014">
            <marc:subfield code="a">00001491</marc:subfield>
          </marc:datafield>
          <marc:datafield ind1="0" ind2=" " tag="852">
            <marc:subfield code="b">RheesStack</marc:subfield>
            <marc:subfield code="h">JC273.F36 H36</marc:subfield>
          </marc:datafield>
        </marc:record>
      </metadata>
    </record>