
    <record>
      <header>
        <identifier>oai:mst.rochester.edu:marcnormalization/5113</identifier>
        <datestamp>2011-03-02T19:21:22Z</datestamp>
        <setSpec>MARCXMLbibliographic</setSpec>
        <setSpec>marcnormalization</setSpec>
      </header>
      <metadata>
        <marc:record xmlns:marc="http://www.loc.gov/MARC21/slim" xmlns:xsi="http://www.w3.org/2001/XMLSchema-instance" xsi:schemaLocation="http://www.loc.gov/MARC21/slim http://128.151.244.137:8080/OAIToolkit/schema/MARC21slim_custom.xsd">
          <marc:leader>00846cam a22002650  4500</marc:leader>
          <marc:controlfield tag="001">36</marc:controlfield>
          <marc:controlfield tag="005">20061108102536.0</marc:controlfield>
          <marc:controlfield tag="008">770405r1926    nyuf          000 1 eng  </marc:controlfield>
          <marc:controlfield tag="003">NRU</marc:controlfield>
          <marc:datafield ind1=" " ind2=" " tag="010">
            <marc:subfield code="a">   34008650 </marc:subfield>
          </marc:datafield>
          <marc:datafield ind1=" " ind2=" " tag="035">
            <marc:subfield code="a">(OCoLC)2861435</marc:subfield>
          </marc:datafield>
          <marc:datafield ind1=" " ind2=" " tag="035">
            <marc:subfield code="9">00001847</marc:subfield>
          </marc:datafield>
          <marc:datafield ind1=" " ind2=" " tag="040">
            <marc:subfield code="a">DLC</marc:subfield>
            <marc:subfield code="c">RRR</marc:subfield>
          </marc:datafield>
          <marc:datafield ind1=" " ind2=" " tag="049">
            <marc:subfield code="a">RRRR</marc:subfield>
          </marc:datafield>
          <marc:datafield ind1="0" ind2=" " tag="050">
            <marc:subfield code="a">PS3503.R9554</marc:subfield>
            <marc:subfield code="b">T5 1926g</marc:subfield>
          </marc:datafield>
          <marc:datafield ind1=" " ind2=" " tag="090">
            <marc:subfield code="a">PS3505</marc:subfield>
            <marc:subfield code="b">.C954t</marc:subfield>
          </marc:datafield>
          <marc:datafield ind1=" " ind2=" " tag="099">
            <marc:subfield code="a">PS3505 .C954t</marc:subfield>
          </marc:datafield>
          <marc:datafield ind1="1" ind2=" " tag="100">
            <marc:subfield code="a">Croy, Homer,</marc:subfield>
            <marc:subfield code="d">1883-1965.</marc:subfield>
            <marc:subfield code="4">aut</marc:subfield>
          </marc:datafield>
          <marc:datafield ind1="1" ind2="0" tag="245">
            <marc:subfield code="a">They had to see Paris,</marc:subfield>
            <marc:subfield code="c">by Homer Croy.</marc:subfield>
          </marc:datafield>
          <marc:datafield ind1=" " ind2=" " tag="260">
            <marc:subfield code="a">New York,</marc:subfield>
            <marc:subfield code="b">Grosset &amp; Dunlap</marc:subfield>
            <marc:subfield code="c">[1926]</marc:subfield>
          </marc:datafield>
          <marc:datafield ind1=" " ind2=" " tag="300">
            <marc:subfield code="a">3 p. l., 303 p.</marc:subfield>
            <marc:subfield code="b">front., plates.</marc:subfield>
            <marc:subfield code="c">20 cm.</marc:subfield>
          </marc:datafield>
          <marc:datafield ind1=" " ind2=" " tag="500">
            <marc:subfield code="a">"First printing, February, 1926 ... Eighth printing, August, 1926."</marc:subfield>
          </marc:datafield>
          <marc:datafield ind1=" " ind2=" " tag="590">
            <marc:subfield code="a">Rhees Rare Books copy: The Filmed Book Collection.</marc:subfield>
          </marc:datafield>
          <marc:datafield ind1=" " ind2=" " tag="911">
            <marc:subfield code="a">p</marc:subfield>
          </marc:datafield>
          <marc:datafield ind1=" " ind2=" " tag="966">
            <marc:subfield code="l">Stack</marc:subfield>
            <marc:subfield code="m">RMON</marc:subfield>
            <marc:subfield code="s">PS3505 .C954t</marc:subfield>
            <marc:subfield code="b">39087006191367</marc:subfield>
          </marc:datafield>
          <marc:datafield ind1=" " ind2=" " tag="966">
            <marc:subfield code="l">Rare</marc:subfield>
            <marc:subfield code="m">RRARE</marc:subfield>
            <marc:subfield code="s">ZZ6050 .C79 T4</marc:subfield>
            <marc:subfield code="b">39087017032972</marc:subfield>
          </marc:datafield>
          <marc:datafield tag="931" ind1=" " ind2=" ">
            <marc:subfield code="a">Text</marc:subfield>
            <marc:subfield code="5">NRU</marc:subfield>
          </marc:datafield>
          <marc:datafield tag="932" ind1=" " ind2=" ">
            <marc:subfield code="a">Language material</marc:subfield>
            <marc:subfield code="5">NRU</marc:subfield>
          </marc:datafield>
          <marc:datafield tag="933" ind1=" " ind2=" ">
            <marc:subfield code="a">Text</marc:subfield>
            <marc:subfield code="5">NRU</marc:subfield>
          </marc:datafield>
          <marc:datafield tag="935" ind1=" " ind2=" ">
            <marc:subfield code="a">Monograph/Item</marc:subfield>
            <marc:subfield code="5">NRU</marc:subfield>
          </marc:datafield>
          <marc:datafield tag="937" ind1=" " ind2=" ">
            <marc:subfield code="a">Fiction</marc:subfield>
            <marc:subfield code="5">NRU</marc:subfield>
          </marc:datafield>
          <marc:datafield tag="941" ind1=" " ind2=" ">
            <marc:subfield code="a">eng</marc:subfield>
            <marc:subfield code="5">NRU</marc:subfield>
          </marc:datafield>
          <marc:datafield tag="943" ind1=" " ind2=" ">
            <marc:subfield code="a">English</marc:subfield>
            <marc:subfield code="5">NRU</marc:subfield>
          </marc:datafield>
          <marc:datafield tag="035" ind1=" " ind2=" ">
            <marc:subfield code="a">(NRU)36</marc:subfield>
          </marc:datafield>
          <marc:datafield tag="240" ind1="0" ind2="0">
            <marc:subfield code="a">They had to see Paris,</marc:subfield>
          </marc:datafield>
        </marc:record>
      </metadata>
    </record>
    <record>
      <header>
        <identifier>oai:mst.rochester.edu:marcnormalization/5114</identifier>
        <datestamp>2011-03-02T19:21:22Z</datestamp>
        <setSpec>MARCXMLholding</setSpec>
        <setSpec>marcnormalization</setSpec>
      </header>
      <metadata>
        <marc:record xmlns:marc="http://www.loc.gov/MARC21/slim" xmlns:xsi="http://www.w3.org/2001/XMLSchema-instance" xsi:schemaLocation="http://www.loc.gov/MARC21/slim http://128.151.244.137:8080/OAIToolkit/schema/MARC21slim_custom.xsd">
          <marc:leader>00197cx  a22000973  4500</marc:leader>
          <marc:controlfield tag="001">58</marc:controlfield>
          <marc:controlfield tag="004">36</marc:controlfield>
          <marc:controlfield tag="005">19961209123635.0</marc:controlfield>
          <marc:controlfield tag="008">9612090u    0   4001uu   0000000</marc:controlfield>
          <marc:datafield ind1=" " ind2=" " tag="014">
            <marc:subfield code="a">00001847</marc:subfield>
          </marc:datafield>
          <marc:datafield ind1="0" ind2=" " tag="852">
            <marc:subfield code="b">RheesStack</marc:subfield>
            <marc:subfield code="h">PS3505 .C954t</marc:subfield>
          </marc:datafield>
        </marc:record>
      </metadata>
    </record>
    <record>
      <header>
        <identifier>oai:mst.rochester.edu:marcnormalization/5115</identifier>
        <datestamp>2011-03-02T19:21:22Z</datestamp>
        <setSpec>MARCXMLholding</setSpec>
        <setSpec>marcnormalization</setSpec>
      </header>
      <metadata>
        <marc:record xmlns:marc="http://www.loc.gov/MARC21/slim" xmlns:xsi="http://www.w3.org/2001/XMLSchema-instance" xsi:schemaLocation="http://www.loc.gov/MARC21/slim http://128.151.244.137:8080/OAIToolkit/schema/MARC21slim_custom.xsd">
          <marc:leader>00197cx  a22000973  4500</marc:leader>
          <marc:controlfield tag="001">59</marc:controlfield>
          <marc:controlfield tag="004">36</marc:controlfield>
          <marc:controlfield tag="005">19961209123635.0</marc:controlfield>
          <marc:controlfield tag="008">9612090u    0   4001uu   0000000</marc:controlfield>
          <marc:datafield ind1=" " ind2=" " tag="014">
            <marc:subfield code="a">00001847</marc:subfield>
          </marc:datafield>
          <marc:datafield ind1="0" ind2=" " tag="852">
            <marc:subfield code="b">RheesRare</marc:subfield>
            <marc:subfield code="h">ZZ6050 .C79 T4</marc:subfield>
          </marc:datafield>
        </marc:record>
      </metadata>
    </record>