
    <record>
      <header>
        <identifier>oai:mst.rochester.edu:marcnormalization/5189</identifier>
        <datestamp>2011-03-02T19:21:22Z</datestamp>
        <setSpec>MARCXMLbibliographic</setSpec>
        <setSpec>marcnormalization</setSpec>
      </header>
      <metadata>
        <marc:record xmlns:marc="http://www.loc.gov/MARC21/slim" xmlns:xsi="http://www.w3.org/2001/XMLSchema-instance" xsi:schemaLocation="http://www.loc.gov/MARC21/slim http://128.151.244.137:8080/OAIToolkit/schema/MARC21slim_custom.xsd">
          <marc:leader>01550cam a22002770  4500</marc:leader>
          <marc:controlfield tag="001">70</marc:controlfield>
          <marc:controlfield tag="005">20020916174416.0</marc:controlfield>
          <marc:controlfield tag="008">750108 1908            a           fre u</marc:controlfield>
          <marc:controlfield tag="003">NRU</marc:controlfield>
          <marc:datafield ind1=" " ind2=" " tag="035">
            <marc:subfield code="a">(OCoLC)1133905</marc:subfield>
          </marc:datafield>
          <marc:datafield ind1=" " ind2=" " tag="035">
            <marc:subfield code="9">00003969</marc:subfield>
          </marc:datafield>
          <marc:datafield ind1=" " ind2=" " tag="040">
            <marc:subfield code="d">OCL</marc:subfield>
            <marc:subfield code="d">RRR</marc:subfield>
          </marc:datafield>
          <marc:datafield ind1=" " ind2=" " tag="049">
            <marc:subfield code="a">RRRR</marc:subfield>
          </marc:datafield>
          <marc:datafield ind1="0" ind2="3" tag="245">
            <marc:subfield code="a">La Femme dans la nature, dans les moeurs, dans la légende, dans la société :</marc:subfield>
            <marc:subfield code="c">Tableau de son évolution physique &amp; psychique.</marc:subfield>
          </marc:datafield>
          <marc:datafield ind1=" " ind2=" " tag="260">
            <marc:subfield code="a">Paris :</marc:subfield>
            <marc:subfield code="b">Bong,</marc:subfield>
            <marc:subfield code="c">[1908-10]</marc:subfield>
          </marc:datafield>
          <marc:datafield ind1=" " ind2=" " tag="500">
            <marc:subfield code="a">Microfilm (positive) Washington, D.C., Library of Congress Photoduplication Service, 1972. 1 reel. 35mm.</marc:subfield>
          </marc:datafield>
          <marc:datafield ind1="0" ind2=" " tag="505">
            <marc:subfield code="a">I. La femme dans la nature, par E. Perrier. Les caractères physiques de la femme dans les races, par le docteur Verneau.--II. La femme dans les moeurs, dans le mariage &amp; dans la galanterie, par F. Loliée.--III. La femme dans la légende, dans la réalité et dans l'art, par A. Schalck de la Faverie.--IV. Le rôle social &amp; mondain de la femme depuis le moyen âge jusqu'au XXe siècle. La jeune fille franc̜aise, par V. Du Bled. La femme au théâtre, par J. Claretie. Le travail de la femme, par mme Camille Pert [pseud.] Le féminisme, par M. Prévost.</marc:subfield>
          </marc:datafield>
          <marc:datafield ind1=" " ind2="0" tag="650">
            <marc:subfield code="a">Women.</marc:subfield>
          </marc:datafield>
          <marc:datafield ind1="1" ind2=" " tag="700">
            <marc:subfield code="a">Perrier, Edmond,</marc:subfield>
            <marc:subfield code="d">1844-1921.</marc:subfield>
          </marc:datafield>
          <marc:datafield ind1="1" ind2=" " tag="700">
            <marc:subfield code="a">Verneau, R.</marc:subfield>
            <marc:subfield code="q">(René),</marc:subfield>
            <marc:subfield code="d">1852-1938.</marc:subfield>
          </marc:datafield>
          <marc:datafield ind1="1" ind2=" " tag="700">
            <marc:subfield code="a">Loliée, Frédéric,</marc:subfield>
            <marc:subfield code="d">1856-1915.</marc:subfield>
          </marc:datafield>
          <marc:datafield ind1="2" ind2=" " tag="700">
            <marc:subfield code="a">Schalck de la Faverie, A.</marc:subfield>
            <marc:subfield code="q">(Alfred)</marc:subfield>
          </marc:datafield>
          <marc:datafield ind1="2" ind2=" " tag="700">
            <marc:subfield code="a">Du Bled, Victor,</marc:subfield>
            <marc:subfield code="d">1848-1927.</marc:subfield>
          </marc:datafield>
          <marc:datafield ind1="1" ind2=" " tag="700">
            <marc:subfield code="a">Claretie, Jules,</marc:subfield>
            <marc:subfield code="d">1840-1913.</marc:subfield>
          </marc:datafield>
          <marc:datafield ind1="1" ind2=" " tag="700">
            <marc:subfield code="a">Rougeul, Hortense Grille,</marc:subfield>
            <marc:subfield code="d">1865-</marc:subfield>
          </marc:datafield>
          <marc:datafield ind1="1" ind2=" " tag="700">
            <marc:subfield code="a">Prévost, Marcel,</marc:subfield>
            <marc:subfield code="d">1862-1941.</marc:subfield>
          </marc:datafield>
          <marc:datafield ind1=" " ind2=" " tag="911">
            <marc:subfield code="a">r</marc:subfield>
          </marc:datafield>
          <marc:datafield tag="931" ind1=" " ind2=" ">
            <marc:subfield code="a">Text</marc:subfield>
            <marc:subfield code="5">NRU</marc:subfield>
          </marc:datafield>
          <marc:datafield tag="932" ind1=" " ind2=" ">
            <marc:subfield code="a">Language material</marc:subfield>
            <marc:subfield code="5">NRU</marc:subfield>
          </marc:datafield>
          <marc:datafield tag="933" ind1=" " ind2=" ">
            <marc:subfield code="a">Text</marc:subfield>
            <marc:subfield code="5">NRU</marc:subfield>
          </marc:datafield>
          <marc:datafield tag="935" ind1=" " ind2=" ">
            <marc:subfield code="a">Monograph/Item</marc:subfield>
            <marc:subfield code="5">NRU</marc:subfield>
          </marc:datafield>
          <marc:datafield tag="937" ind1=" " ind2=" ">
            <marc:subfield code="a">Non-Fiction</marc:subfield>
            <marc:subfield code="5">NRU</marc:subfield>
          </marc:datafield>
          <marc:datafield tag="941" ind1=" " ind2=" ">
            <marc:subfield code="a">fre</marc:subfield>
            <marc:subfield code="5">NRU</marc:subfield>
          </marc:datafield>
          <marc:datafield tag="943" ind1=" " ind2=" ">
            <marc:subfield code="a">French</marc:subfield>
            <marc:subfield code="5">NRU</marc:subfield>
          </marc:datafield>
          <marc:datafield tag="035" ind1=" " ind2=" ">
            <marc:subfield code="a">(NRU)70</marc:subfield>
          </marc:datafield>
          <marc:datafield tag="130" ind1="0" ind2=" ">
            <marc:subfield code="a">Femme dans la nature, dans les moeurs, dans la légende, dans la société :</marc:subfield>
          </marc:datafield>
        </marc:record>
      </metadata>
    </record>
    <record>
      <header>
        <identifier>oai:mst.rochester.edu:marcnormalization/5190</identifier>
        <datestamp>2011-03-02T19:21:22Z</datestamp>
        <setSpec>MARCXMLholding</setSpec>
        <setSpec>marcnormalization</setSpec>
      </header>
      <metadata>
        <marc:record xmlns:marc="http://www.loc.gov/MARC21/slim" xmlns:xsi="http://www.w3.org/2001/XMLSchema-instance" xsi:schemaLocation="http://www.loc.gov/MARC21/slim http://128.151.244.137:8080/OAIToolkit/schema/MARC21slim_custom.xsd">
          <marc:leader>00194cx  a22000973  4500</marc:leader>
          <marc:controlfield tag="001">120</marc:controlfield>
          <marc:controlfield tag="004">70</marc:controlfield>
          <marc:controlfield tag="005">20060905161058.0</marc:controlfield>
          <marc:controlfield tag="008">9612090p    0   4001au   0000000</marc:controlfield>
          <marc:datafield ind1=" " ind2=" " tag="014">
            <marc:subfield code="a">00003969</marc:subfield>
          </marc:datafield>
          <marc:datafield ind1="8" ind2=" " tag="852">
            <marc:subfield code="b">NewsMicro</marc:subfield>
            <marc:subfield code="h">FILM .F331</marc:subfield>
          </marc:datafield>
        </marc:record>
      </metadata>
    </record>