
    <record>
      <header>
        <identifier>oai:mst.rochester.edu:marcnormalization/5257</identifier>
        <datestamp>2011-03-02T19:21:22Z</datestamp>
        <setSpec>MARCXMLbibliographic</setSpec>
        <setSpec>marcnormalization</setSpec>
      </header>
      <metadata>
        <marc:record xmlns:marc="http://www.loc.gov/MARC21/slim" xmlns:xsi="http://www.w3.org/2001/XMLSchema-instance" xsi:schemaLocation="http://www.loc.gov/MARC21/slim http://128.151.244.137:8080/OAIToolkit/schema/MARC21slim_custom.xsd">
          <marc:leader>01033cam a22003370  4500</marc:leader>
          <marc:controlfield tag="001">102</marc:controlfield>
          <marc:controlfield tag="005">20100216205411.0</marc:controlfield>
          <marc:controlfield tag="008">770121s1976    pau      b    001 0deng d</marc:controlfield>
          <marc:controlfield tag="003">NRU</marc:controlfield>
          <marc:datafield ind1=" " ind2=" " tag="020">
            <marc:subfield code="a">0827600836</marc:subfield>
          </marc:datafield>
          <marc:datafield ind1=" " ind2=" " tag="020">
            <marc:subfield code="a">9780827602557 (pbk.)</marc:subfield>
          </marc:datafield>
          <marc:datafield ind1=" " ind2=" " tag="035">
            <marc:subfield code="a">(OCoLC)2691799</marc:subfield>
          </marc:datafield>
          <marc:datafield ind1=" " ind2=" " tag="035">
            <marc:subfield code="9">00005290</marc:subfield>
          </marc:datafield>
          <marc:datafield ind1=" " ind2=" " tag="040">
            <marc:subfield code="a">IUL</marc:subfield>
            <marc:subfield code="c">IUL</marc:subfield>
            <marc:subfield code="d">RRR</marc:subfield>
          </marc:datafield>
          <marc:datafield ind1=" " ind2=" " tag="049">
            <marc:subfield code="a">RRRR</marc:subfield>
          </marc:datafield>
          <marc:datafield ind1=" " ind2=" " tag="090">
            <marc:subfield code="a">B759.M34</marc:subfield>
            <marc:subfield code="b">H36</marc:subfield>
          </marc:datafield>
          <marc:datafield ind1=" " ind2=" " tag="099">
            <marc:subfield code="a">B759.M34 H36</marc:subfield>
          </marc:datafield>
          <marc:datafield ind1="1" ind2=" " tag="100">
            <marc:subfield code="a">Hartman, David,</marc:subfield>
            <marc:subfield code="d">1931-</marc:subfield>
            <marc:subfield code="4">aut</marc:subfield>
          </marc:datafield>
          <marc:datafield ind1="1" ind2="0" tag="245">
            <marc:subfield code="a">Maimonides :</marc:subfield>
            <marc:subfield code="b">Torah and philosophic quest /</marc:subfield>
            <marc:subfield code="c">David Hartman ; foreword by Shlomo Pines.</marc:subfield>
          </marc:datafield>
          <marc:datafield ind1="3" ind2="0" tag="246">
            <marc:subfield code="a">Torah and philosophic quest</marc:subfield>
          </marc:datafield>
          <marc:datafield ind1=" " ind2=" " tag="250">
            <marc:subfield code="a">1st ed.</marc:subfield>
          </marc:datafield>
          <marc:datafield ind1=" " ind2=" " tag="260">
            <marc:subfield code="a">Philadelphia :</marc:subfield>
            <marc:subfield code="b">Jewish Publication Society of America,</marc:subfield>
            <marc:subfield code="c">1976.</marc:subfield>
          </marc:datafield>
          <marc:datafield ind1=" " ind2=" " tag="300">
            <marc:subfield code="a">xv, 296 p. ;</marc:subfield>
            <marc:subfield code="c">22 cm.</marc:subfield>
          </marc:datafield>
          <marc:datafield ind1=" " ind2=" " tag="500">
            <marc:subfield code="a">Includes index.</marc:subfield>
          </marc:datafield>
          <marc:datafield ind1=" " ind2=" " tag="504">
            <marc:subfield code="a">Bibliography: p. 269-288.</marc:subfield>
          </marc:datafield>
          <marc:datafield ind1="1" ind2="0" tag="600">
            <marc:subfield code="a">Maimonides, Moses,</marc:subfield>
            <marc:subfield code="d">1135-1204.</marc:subfield>
          </marc:datafield>
          <marc:datafield ind1=" " ind2="0" tag="650">
            <marc:subfield code="a">Jewish philosophy.</marc:subfield>
          </marc:datafield>
          <marc:datafield ind1=" " ind2="0" tag="650">
            <marc:subfield code="a">Philosophy, Medieval.</marc:subfield>
          </marc:datafield>
          <marc:datafield ind1=" " ind2="0" tag="650">
            <marc:subfield code="a">Jewish law</marc:subfield>
            <marc:subfield code="x">Philosophy.</marc:subfield>
          </marc:datafield>
          <marc:datafield ind1=" " ind2=" " tag="911">
            <marc:subfield code="a">p</marc:subfield>
          </marc:datafield>
          <marc:datafield ind1=" " ind2=" " tag="966">
            <marc:subfield code="l">Stack</marc:subfield>
            <marc:subfield code="m">RMON</marc:subfield>
            <marc:subfield code="s">B759.M34 H36</marc:subfield>
            <marc:subfield code="b">39087001162017</marc:subfield>
          </marc:datafield>
          <marc:datafield ind1=" " ind2=" " tag="966">
            <marc:subfield code="l">GenStk</marc:subfield>
            <marc:subfield code="m">DIVMTH</marc:subfield>
            <marc:subfield code="s">B759.M34 H36</marc:subfield>
          </marc:datafield>
          <marc:datafield tag="931" ind1=" " ind2=" ">
            <marc:subfield code="a">Text</marc:subfield>
            <marc:subfield code="5">NRU</marc:subfield>
          </marc:datafield>
          <marc:datafield tag="932" ind1=" " ind2=" ">
            <marc:subfield code="a">Language material</marc:subfield>
            <marc:subfield code="5">NRU</marc:subfield>
          </marc:datafield>
          <marc:datafield tag="933" ind1=" " ind2=" ">
            <marc:subfield code="a">Text</marc:subfield>
            <marc:subfield code="5">NRU</marc:subfield>
          </marc:datafield>
          <marc:datafield tag="935" ind1=" " ind2=" ">
            <marc:subfield code="a">Monograph/Item</marc:subfield>
            <marc:subfield code="5">NRU</marc:subfield>
          </marc:datafield>
          <marc:datafield tag="937" ind1=" " ind2=" ">
            <marc:subfield code="a">Non-Fiction</marc:subfield>
            <marc:subfield code="5">NRU</marc:subfield>
          </marc:datafield>
          <marc:datafield tag="941" ind1=" " ind2=" ">
            <marc:subfield code="a">eng</marc:subfield>
            <marc:subfield code="5">NRU</marc:subfield>
          </marc:datafield>
          <marc:datafield tag="943" ind1=" " ind2=" ">
            <marc:subfield code="a">English</marc:subfield>
            <marc:subfield code="5">NRU</marc:subfield>
          </marc:datafield>
          <marc:datafield tag="947" ind1=" " ind2=" ">
            <marc:subfield code="a">0827600836</marc:subfield>
            <marc:subfield code="5">NRU</marc:subfield>
          </marc:datafield>
          <marc:datafield tag="947" ind1=" " ind2=" ">
            <marc:subfield code="a">9780827602557 </marc:subfield>
            <marc:subfield code="5">NRU</marc:subfield>
          </marc:datafield>
          <marc:datafield tag="035" ind1=" " ind2=" ">
            <marc:subfield code="a">(NRU)102</marc:subfield>
          </marc:datafield>
          <marc:datafield tag="240" ind1="0" ind2="0">
            <marc:subfield code="a">Maimonides :</marc:subfield>
          </marc:datafield>
          <marc:datafield tag="965" ind1=" " ind2="0">
            <marc:subfield code="a">Jewish law</marc:subfield>
            <marc:subfield code="5">NRU</marc:subfield>
          </marc:datafield>
          <marc:datafield tag="965" ind1=" " ind2="0">
            <marc:subfield code="x">Philosophy.</marc:subfield>
            <marc:subfield code="5">NRU</marc:subfield>
          </marc:datafield>
        </marc:record>
      </metadata>
    </record>
    <record>
      <header>
        <identifier>oai:mst.rochester.edu:marcnormalization/5258</identifier>
        <datestamp>2011-03-02T19:21:22Z</datestamp>
        <setSpec>MARCXMLholding</setSpec>
        <setSpec>marcnormalization</setSpec>
      </header>
      <metadata>
        <marc:record xmlns:marc="http://www.loc.gov/MARC21/slim" xmlns:xsi="http://www.w3.org/2001/XMLSchema-instance" xsi:schemaLocation="http://www.loc.gov/MARC21/slim http://128.151.244.137:8080/OAIToolkit/schema/MARC21slim_custom.xsd">
          <marc:leader>00203cx  a22000973  4500</marc:leader>
          <marc:controlfield tag="001">175</marc:controlfield>
          <marc:controlfield tag="004">102</marc:controlfield>
          <marc:controlfield tag="005">20090901134236.0</marc:controlfield>
          <marc:controlfield tag="008">9612090u    0   4001uu   0000000</marc:controlfield>
          <marc:datafield ind1=" " ind2=" " tag="014">
            <marc:subfield code="a">00005290</marc:subfield>
          </marc:datafield>
          <marc:datafield ind1="0" ind2=" " tag="852">
            <marc:subfield code="b">RheesStack</marc:subfield>
            <marc:subfield code="t">1-2</marc:subfield>
            <marc:subfield code="h">B759.M34 H36</marc:subfield>
          </marc:datafield>
        </marc:record>
      </metadata>
    </record>