
    <record>
      <header>
        <identifier>oai:mst.rochester.edu:marcnormalization/5466</identifier>
        <datestamp>2011-03-02T19:21:22Z</datestamp>
        <setSpec>MARCXMLbibliographic</setSpec>
        <setSpec>marcnormalization</setSpec>
      </header>
      <metadata>
        <marc:record xmlns:marc="http://www.loc.gov/MARC21/slim" xmlns:xsi="http://www.w3.org/2001/XMLSchema-instance" xsi:schemaLocation="http://www.loc.gov/MARC21/slim http://128.151.244.137:8080/OAIToolkit/schema/MARC21slim_custom.xsd">
          <marc:leader>01350nam a22003250  4500</marc:leader>
          <marc:controlfield tag="001">199</marc:controlfield>
          <marc:controlfield tag="005">19950701000000.0</marc:controlfield>
          <marc:controlfield tag="008">700212s1969    nyu      b    000 0 eng  </marc:controlfield>
          <marc:controlfield tag="003">NRU</marc:controlfield>
          <marc:datafield ind1=" " ind2=" " tag="010">
            <marc:subfield code="a">   71077131 </marc:subfield>
          </marc:datafield>
          <marc:datafield ind1=" " ind2=" " tag="035">
            <marc:subfield code="a">(OCoLC)57481</marc:subfield>
          </marc:datafield>
          <marc:datafield ind1=" " ind2=" " tag="035">
            <marc:subfield code="9">00010530</marc:subfield>
          </marc:datafield>
          <marc:datafield ind1=" " ind2=" " tag="040">
            <marc:subfield code="a">DLC</marc:subfield>
            <marc:subfield code="c">DLC</marc:subfield>
            <marc:subfield code="d">RRR</marc:subfield>
          </marc:datafield>
          <marc:datafield ind1="1" ind2=" " tag="041">
            <marc:subfield code="a">eng</marc:subfield>
            <marc:subfield code="h">und</marc:subfield>
          </marc:datafield>
          <marc:datafield ind1=" " ind2=" " tag="049">
            <marc:subfield code="a">RRRR</marc:subfield>
          </marc:datafield>
          <marc:datafield ind1="0" ind2=" " tag="050">
            <marc:subfield code="a">JC385</marc:subfield>
            <marc:subfield code="b">.F73</marc:subfield>
          </marc:datafield>
          <marc:datafield ind1=" " ind2=" " tag="099">
            <marc:subfield code="a">JC385 .F73</marc:subfield>
          </marc:datafield>
          <marc:datafield ind1="1" ind2=" " tag="100">
            <marc:subfield code="a">Franklin, Julian H.,</marc:subfield>
            <marc:subfield code="d">comp.</marc:subfield>
            <marc:subfield code="4">aut</marc:subfield>
          </marc:datafield>
          <marc:datafield ind1="1" ind2="0" tag="245">
            <marc:subfield code="a">Constitutionalism and resistance in the sixteenth century;</marc:subfield>
            <marc:subfield code="b">three treatises</marc:subfield>
            <marc:subfield code="c">by Hotman, Beza, &amp; Mornay. Translated and edited by Julian H. Franklin.</marc:subfield>
          </marc:datafield>
          <marc:datafield ind1=" " ind2=" " tag="260">
            <marc:subfield code="a">New York,</marc:subfield>
            <marc:subfield code="b">Pegasus</marc:subfield>
            <marc:subfield code="c">[1969]</marc:subfield>
          </marc:datafield>
          <marc:datafield ind1=" " ind2=" " tag="300">
            <marc:subfield code="a">ix, 208 p.</marc:subfield>
            <marc:subfield code="c">21 cm.</marc:subfield>
          </marc:datafield>
          <marc:datafield ind1=" " ind2=" " tag="504">
            <marc:subfield code="a">Includes bibliographical references.</marc:subfield>
          </marc:datafield>
          <marc:datafield ind1="0" ind2=" " tag="505">
            <marc:subfield code="a">Francogallia, by F. Hotman.--Right of magistrates, by T. Beza.--Vindiciae contra tyrannos, attributed to H. Languet and P. du Plessis-Mornay.</marc:subfield>
          </marc:datafield>
          <marc:datafield ind1=" " ind2="0" tag="650">
            <marc:subfield code="a">Kings and rulers.</marc:subfield>
          </marc:datafield>
          <marc:datafield ind1="1" ind2="2" tag="700">
            <marc:subfield code="a">Hotman, François,</marc:subfield>
            <marc:subfield code="d">1524-1590.</marc:subfield>
            <marc:subfield code="t">Francogallia.</marc:subfield>
            <marc:subfield code="l">English. 1969.</marc:subfield>
            <marc:subfield code="8">1\c</marc:subfield>
          </marc:datafield>
          <marc:datafield ind1="1" ind2="2" tag="700">
            <marc:subfield code="a">Bèze, Théodore de,</marc:subfield>
            <marc:subfield code="d">1519-1605.</marc:subfield>
            <marc:subfield code="t">Right of magistrates.</marc:subfield>
            <marc:subfield code="l">Du droit des magistrats sur leur subiets. English. 1969.</marc:subfield>
            <marc:subfield code="8">2\c</marc:subfield>
          </marc:datafield>
          <marc:datafield ind1="1" ind2="2" tag="700">
            <marc:subfield code="a">Languet, Hubert,</marc:subfield>
            <marc:subfield code="d">1518-1581.</marc:subfield>
            <marc:subfield code="t">Vindiciae contra tyrannos.</marc:subfield>
            <marc:subfield code="l">English. 1969.</marc:subfield>
            <marc:subfield code="8">3\c</marc:subfield>
          </marc:datafield>
          <marc:datafield ind1=" " ind2=" " tag="911">
            <marc:subfield code="a">p</marc:subfield>
          </marc:datafield>
          <marc:datafield ind1=" " ind2=" " tag="966">
            <marc:subfield code="l">Stack </marc:subfield>
            <marc:subfield code="m">RMON  </marc:subfield>
            <marc:subfield code="s">JC385 .F73</marc:subfield>
            <marc:subfield code="b">39087003057199</marc:subfield>
          </marc:datafield>
          <marc:datafield ind1=" " ind2=" " tag="966">
            <marc:subfield code="l">Stack </marc:subfield>
            <marc:subfield code="m">RMON  </marc:subfield>
            <marc:subfield code="s">JC385 .F73</marc:subfield>
            <marc:subfield code="b">39087006390027</marc:subfield>
          </marc:datafield>
          <marc:datafield ind1=" " ind2=" " tag="966">
            <marc:subfield code="l">GenStk</marc:subfield>
            <marc:subfield code="m">DIVMTH</marc:subfield>
            <marc:subfield code="s">JC385 .F73</marc:subfield>
          </marc:datafield>
          <marc:datafield tag="931" ind1=" " ind2=" ">
            <marc:subfield code="a">Text</marc:subfield>
            <marc:subfield code="5">NRU</marc:subfield>
          </marc:datafield>
          <marc:datafield tag="932" ind1=" " ind2=" ">
            <marc:subfield code="a">Language material</marc:subfield>
            <marc:subfield code="5">NRU</marc:subfield>
          </marc:datafield>
          <marc:datafield tag="933" ind1=" " ind2=" ">
            <marc:subfield code="a">Text</marc:subfield>
            <marc:subfield code="5">NRU</marc:subfield>
          </marc:datafield>
          <marc:datafield tag="935" ind1=" " ind2=" ">
            <marc:subfield code="a">Monograph/Item</marc:subfield>
            <marc:subfield code="5">NRU</marc:subfield>
          </marc:datafield>
          <marc:datafield tag="937" ind1=" " ind2=" ">
            <marc:subfield code="a">Non-Fiction</marc:subfield>
            <marc:subfield code="5">NRU</marc:subfield>
          </marc:datafield>
          <marc:datafield tag="941" ind1=" " ind2=" ">
            <marc:subfield code="a">eng</marc:subfield>
            <marc:subfield code="5">NRU</marc:subfield>
          </marc:datafield>
          <marc:datafield tag="943" ind1=" " ind2=" ">
            <marc:subfield code="a">English</marc:subfield>
            <marc:subfield code="5">NRU</marc:subfield>
          </marc:datafield>
          <marc:datafield tag="035" ind1=" " ind2=" ">
            <marc:subfield code="a">(NRU)199</marc:subfield>
          </marc:datafield>
          <marc:datafield tag="240" ind1="0" ind2="0">
            <marc:subfield code="a">Constitutionalism and resistance in the sixteenth century;</marc:subfield>
          </marc:datafield>
          <marc:datafield tag="959" ind1="1" ind2="2">
            <marc:subfield code="a">Hotman, François,</marc:subfield>
            <marc:subfield code="d">1524-1590.</marc:subfield>
            <marc:subfield code="5">NRU</marc:subfield>
            <marc:subfield code="8">1\c</marc:subfield>
          </marc:datafield>
          <marc:datafield tag="959" ind1="1" ind2="2">
            <marc:subfield code="a">Bèze, Théodore de,</marc:subfield>
            <marc:subfield code="d">1519-1605.</marc:subfield>
            <marc:subfield code="5">NRU</marc:subfield>
            <marc:subfield code="8">2\c</marc:subfield>
          </marc:datafield>
          <marc:datafield tag="959" ind1="1" ind2="2">
            <marc:subfield code="a">Languet, Hubert,</marc:subfield>
            <marc:subfield code="d">1518-1581.</marc:subfield>
            <marc:subfield code="5">NRU</marc:subfield>
            <marc:subfield code="8">3\c</marc:subfield>
          </marc:datafield>
        </marc:record>
      </metadata>
    </record>
    <record>
      <header>
        <identifier>oai:mst.rochester.edu:marcnormalization/5467</identifier>
        <datestamp>2011-03-02T19:21:22Z</datestamp>
        <setSpec>MARCXMLholding</setSpec>
        <setSpec>marcnormalization</setSpec>
      </header>
      <metadata>
        <marc:record xmlns:marc="http://www.loc.gov/MARC21/slim" xmlns:xsi="http://www.w3.org/2001/XMLSchema-instance" xsi:schemaLocation="http://www.loc.gov/MARC21/slim http://128.151.244.137:8080/OAIToolkit/schema/MARC21slim_custom.xsd">
          <marc:leader>00196cx  a22000973  4500</marc:leader>
          <marc:controlfield tag="001">352</marc:controlfield>
          <marc:controlfield tag="004">199</marc:controlfield>
          <marc:controlfield tag="005">19961209123635.0</marc:controlfield>
          <marc:controlfield tag="008">9612090u    0   4001uu   0000000</marc:controlfield>
          <marc:datafield ind1=" " ind2=" " tag="014">
            <marc:subfield code="a">00010530</marc:subfield>
          </marc:datafield>
          <marc:datafield ind1="0" ind2=" " tag="852">
            <marc:subfield code="b">RheesStack</marc:subfield>
            <marc:subfield code="h">JC385 .F73</marc:subfield>
          </marc:datafield>
        </marc:record>
      </metadata>
    </record>