
    <record>
      <header>
        <identifier>oai:mst.rochester.edu:marcnormalization/5501</identifier>
        <datestamp>2011-03-02T19:21:22Z</datestamp>
        <setSpec>MARCXMLbibliographic</setSpec>
        <setSpec>marcnormalization</setSpec>
      </header>
      <metadata>
        <marc:record xmlns:marc="http://www.loc.gov/MARC21/slim" xmlns:xsi="http://www.w3.org/2001/XMLSchema-instance" xsi:schemaLocation="http://www.loc.gov/MARC21/slim http://128.151.244.137:8080/OAIToolkit/schema/MARC21slim_custom.xsd">
          <marc:leader>01004pam a22003250  4500</marc:leader>
          <marc:controlfield tag="001">213</marc:controlfield>
          <marc:controlfield tag="005">19950701000000.0</marc:controlfield>
          <marc:controlfield tag="008">760718s1977    msuc     b    001 0beng  </marc:controlfield>
          <marc:controlfield tag="003">NRU</marc:controlfield>
          <marc:datafield ind1=" " ind2=" " tag="010">
            <marc:subfield code="a">   76026967 </marc:subfield>
          </marc:datafield>
          <marc:datafield ind1=" " ind2=" " tag="020">
            <marc:subfield code="a">0878050272</marc:subfield>
          </marc:datafield>
          <marc:datafield ind1=" " ind2=" " tag="035">
            <marc:subfield code="a">(OCoLC)2373448</marc:subfield>
          </marc:datafield>
          <marc:datafield ind1=" " ind2=" " tag="035">
            <marc:subfield code="9">00011269</marc:subfield>
          </marc:datafield>
          <marc:datafield ind1=" " ind2=" " tag="040">
            <marc:subfield code="a">DLC</marc:subfield>
            <marc:subfield code="c">DLC</marc:subfield>
            <marc:subfield code="d">RRR</marc:subfield>
          </marc:datafield>
          <marc:datafield ind1=" " ind2=" " tag="043">
            <marc:subfield code="a">n-us-ms</marc:subfield>
          </marc:datafield>
          <marc:datafield ind1=" " ind2=" " tag="049">
            <marc:subfield code="a">RRRR</marc:subfield>
          </marc:datafield>
          <marc:datafield ind1="0" ind2=" " tag="050">
            <marc:subfield code="a">BX8495.W657</marc:subfield>
            <marc:subfield code="b">H64</marc:subfield>
          </marc:datafield>
          <marc:datafield ind1=" " ind2=" " tag="099">
            <marc:subfield code="a">BX8495.W657 H64</marc:subfield>
          </marc:datafield>
          <marc:datafield ind1="1" ind2=" " tag="100">
            <marc:subfield code="a">Holder, Ray.</marc:subfield>
            <marc:subfield code="4">aut</marc:subfield>
          </marc:datafield>
          <marc:datafield ind1="0" ind2="0" tag="245">
            <marc:subfield code="a">William Winans :</marc:subfield>
            <marc:subfield code="b">Methodist leader in antebellum Mississippi /</marc:subfield>
            <marc:subfield code="c">by Ray Holder.</marc:subfield>
          </marc:datafield>
          <marc:datafield ind1=" " ind2=" " tag="260">
            <marc:subfield code="a">Jackson :</marc:subfield>
            <marc:subfield code="b">University Press of Mississippi,</marc:subfield>
            <marc:subfield code="c">1977.</marc:subfield>
          </marc:datafield>
          <marc:datafield ind1=" " ind2=" " tag="300">
            <marc:subfield code="a">viii, 232 p. :</marc:subfield>
            <marc:subfield code="b">port. ;</marc:subfield>
            <marc:subfield code="c">24 cm.</marc:subfield>
          </marc:datafield>
          <marc:datafield ind1=" " ind2=" " tag="500">
            <marc:subfield code="a">Includes index.</marc:subfield>
          </marc:datafield>
          <marc:datafield ind1=" " ind2=" " tag="504">
            <marc:subfield code="a">Bibliography: p. 221-224.</marc:subfield>
          </marc:datafield>
          <marc:datafield ind1="1" ind2="0" tag="600">
            <marc:subfield code="a">Winans, William,</marc:subfield>
            <marc:subfield code="d">1788-1857.</marc:subfield>
          </marc:datafield>
          <marc:datafield ind1=" " ind2="0" tag="650">
            <marc:subfield code="a">Methodist Church</marc:subfield>
            <marc:subfield code="x">Clergy</marc:subfield>
            <marc:subfield code="x">Biography.</marc:subfield>
          </marc:datafield>
          <marc:datafield ind1=" " ind2="0" tag="650">
            <marc:subfield code="a">Clergy</marc:subfield>
            <marc:subfield code="z">Mississippi</marc:subfield>
            <marc:subfield code="x">Biography.</marc:subfield>
          </marc:datafield>
          <marc:datafield ind1=" " ind2="0" tag="651">
            <marc:subfield code="a">Mississippi</marc:subfield>
            <marc:subfield code="x">Biography.</marc:subfield>
          </marc:datafield>
          <marc:datafield ind1=" " ind2=" " tag="911">
            <marc:subfield code="a">p</marc:subfield>
          </marc:datafield>
          <marc:datafield ind1=" " ind2=" " tag="966">
            <marc:subfield code="l">Stack </marc:subfield>
            <marc:subfield code="m">RMON  </marc:subfield>
            <marc:subfield code="s">BX8495.W657 H64</marc:subfield>
            <marc:subfield code="b">39087001301052</marc:subfield>
          </marc:datafield>
          <marc:datafield ind1=" " ind2=" " tag="966">
            <marc:subfield code="l">GenStk</marc:subfield>
            <marc:subfield code="m">DIVMTH</marc:subfield>
            <marc:subfield code="s">BX8495.W657 H64</marc:subfield>
          </marc:datafield>
          <marc:datafield tag="931" ind1=" " ind2=" ">
            <marc:subfield code="a">Text</marc:subfield>
            <marc:subfield code="5">NRU</marc:subfield>
          </marc:datafield>
          <marc:datafield tag="932" ind1=" " ind2=" ">
            <marc:subfield code="a">Language material</marc:subfield>
            <marc:subfield code="5">NRU</marc:subfield>
          </marc:datafield>
          <marc:datafield tag="933" ind1=" " ind2=" ">
            <marc:subfield code="a">Text</marc:subfield>
            <marc:subfield code="5">NRU</marc:subfield>
          </marc:datafield>
          <marc:datafield tag="935" ind1=" " ind2=" ">
            <marc:subfield code="a">Monograph/Item</marc:subfield>
            <marc:subfield code="5">NRU</marc:subfield>
          </marc:datafield>
          <marc:datafield tag="937" ind1=" " ind2=" ">
            <marc:subfield code="a">Non-Fiction</marc:subfield>
            <marc:subfield code="5">NRU</marc:subfield>
          </marc:datafield>
          <marc:datafield tag="941" ind1=" " ind2=" ">
            <marc:subfield code="a">eng</marc:subfield>
            <marc:subfield code="5">NRU</marc:subfield>
          </marc:datafield>
          <marc:datafield tag="943" ind1=" " ind2=" ">
            <marc:subfield code="a">English</marc:subfield>
            <marc:subfield code="5">NRU</marc:subfield>
          </marc:datafield>
          <marc:datafield tag="947" ind1=" " ind2=" ">
            <marc:subfield code="a">0878050272</marc:subfield>
            <marc:subfield code="5">NRU</marc:subfield>
          </marc:datafield>
          <marc:datafield tag="035" ind1=" " ind2=" ">
            <marc:subfield code="a">(NRU)213</marc:subfield>
          </marc:datafield>
          <marc:datafield tag="240" ind1="0" ind2="0">
            <marc:subfield code="a">William Winans :</marc:subfield>
          </marc:datafield>
          <marc:datafield tag="965" ind1=" " ind2="0">
            <marc:subfield code="a">Methodist Church</marc:subfield>
            <marc:subfield code="5">NRU</marc:subfield>
          </marc:datafield>
          <marc:datafield tag="965" ind1=" " ind2="0">
            <marc:subfield code="a">Clergy</marc:subfield>
            <marc:subfield code="5">NRU</marc:subfield>
          </marc:datafield>
          <marc:datafield tag="965" ind1=" " ind2="0">
            <marc:subfield code="x">Biography.</marc:subfield>
            <marc:subfield code="5">NRU</marc:subfield>
          </marc:datafield>
          <marc:datafield tag="967" ind1=" " ind2="0">
            <marc:subfield code="a">Mississippi</marc:subfield>
            <marc:subfield code="5">NRU</marc:subfield>
          </marc:datafield>
        </marc:record>
      </metadata>
    </record>
    <record>
      <header>
        <identifier>oai:mst.rochester.edu:marcnormalization/5502</identifier>
        <datestamp>2011-03-02T19:21:22Z</datestamp>
        <setSpec>MARCXMLholding</setSpec>
        <setSpec>marcnormalization</setSpec>
      </header>
      <metadata>
        <marc:record xmlns:marc="http://www.loc.gov/MARC21/slim" xmlns:xsi="http://www.w3.org/2001/XMLSchema-instance" xsi:schemaLocation="http://www.loc.gov/MARC21/slim http://128.151.244.137:8080/OAIToolkit/schema/MARC21slim_custom.xsd">
          <marc:leader>00201cx  a22000973  4500</marc:leader>
          <marc:controlfield tag="001">380</marc:controlfield>
          <marc:controlfield tag="004">213</marc:controlfield>
          <marc:controlfield tag="005">19961209123635.0</marc:controlfield>
          <marc:controlfield tag="008">9612090u    0   4001uu   0000000</marc:controlfield>
          <marc:datafield ind1=" " ind2=" " tag="014">
            <marc:subfield code="a">00011269</marc:subfield>
          </marc:datafield>
          <marc:datafield ind1="0" ind2=" " tag="852">
            <marc:subfield code="b">RheesStack</marc:subfield>
            <marc:subfield code="h">BX8495.W657 H64</marc:subfield>
          </marc:datafield>
        </marc:record>
      </metadata>
    </record>