
    <record>
      <header>
        <identifier>oai:mst.rochester.edu:marcnormalization/5560</identifier>
        <datestamp>2011-03-02T19:21:22Z</datestamp>
        <setSpec>MARCXMLbibliographic</setSpec>
        <setSpec>marcnormalization</setSpec>
      </header>
      <metadata>
        <marc:record xmlns:marc="http://www.loc.gov/MARC21/slim" xmlns:xsi="http://www.w3.org/2001/XMLSchema-instance" xsi:schemaLocation="http://www.loc.gov/MARC21/slim http://128.151.244.137:8080/OAIToolkit/schema/MARC21slim_custom.xsd">
          <marc:leader>02231nam a22003250  4500</marc:leader>
          <marc:controlfield tag="001">239</marc:controlfield>
          <marc:controlfield tag="005">19950701000000.0</marc:controlfield>
          <marc:controlfield tag="008">761223s1976    enka     b    111 0 eng  </marc:controlfield>
          <marc:controlfield tag="003">NRU</marc:controlfield>
          <marc:datafield ind1=" " ind2=" " tag="010">
            <marc:subfield code="a">   76383135 </marc:subfield>
          </marc:datafield>
          <marc:datafield ind1=" " ind2=" " tag="020">
            <marc:subfield code="a">0281029490 :</marc:subfield>
            <marc:subfield code="c">£12.50</marc:subfield>
          </marc:datafield>
          <marc:datafield ind1=" " ind2=" " tag="035">
            <marc:subfield code="a">(OCoLC)2747519</marc:subfield>
          </marc:datafield>
          <marc:datafield ind1=" " ind2=" " tag="035">
            <marc:subfield code="9">00012031</marc:subfield>
          </marc:datafield>
          <marc:datafield ind1=" " ind2=" " tag="040">
            <marc:subfield code="a">DLC</marc:subfield>
            <marc:subfield code="c">DLC</marc:subfield>
            <marc:subfield code="d">RRR</marc:subfield>
            <marc:subfield code="d">m.c.1</marc:subfield>
          </marc:datafield>
          <marc:datafield ind1=" " ind2=" " tag="043">
            <marc:subfield code="a">e-uk---</marc:subfield>
          </marc:datafield>
          <marc:datafield ind1=" " ind2=" " tag="049">
            <marc:subfield code="a">RRRR</marc:subfield>
          </marc:datafield>
          <marc:datafield ind1="0" ind2=" " tag="050">
            <marc:subfield code="a">PA8260</marc:subfield>
            <marc:subfield code="b">.F3</marc:subfield>
          </marc:datafield>
          <marc:datafield ind1=" " ind2=" " tag="099">
            <marc:subfield code="a">PA8260 .F3</marc:subfield>
          </marc:datafield>
          <marc:datafield ind1="0" ind2="0" tag="245">
            <marc:subfield code="a">Famulus Christi :</marc:subfield>
            <marc:subfield code="b">essays in commemoration of the thirteenth centenary of the birth of the Venerable Bede /</marc:subfield>
            <marc:subfield code="c">edited by Gerald Bonner.</marc:subfield>
          </marc:datafield>
          <marc:datafield ind1=" " ind2=" " tag="260">
            <marc:subfield code="a">London :</marc:subfield>
            <marc:subfield code="b">S.P.C.K.,</marc:subfield>
            <marc:subfield code="c">1976.</marc:subfield>
          </marc:datafield>
          <marc:datafield ind1=" " ind2=" " tag="300">
            <marc:subfield code="a">xii, 404 p. :</marc:subfield>
            <marc:subfield code="b">ill. ;</marc:subfield>
            <marc:subfield code="c">23 cm.</marc:subfield>
          </marc:datafield>
          <marc:datafield ind1=" " ind2=" " tag="500">
            <marc:subfield code="a">"The papers here collected were prepared for and, with one exception, read at the Bedan Conference, held at Hatfield College, Durham, from 10 to 14 September 1973."</marc:subfield>
          </marc:datafield>
          <marc:datafield ind1=" " ind2=" " tag="504">
            <marc:subfield code="a">Includes bibliographical references and index.</marc:subfield>
          </marc:datafield>
          <marc:datafield ind1="0" ind2=" " tag="505">
            <marc:subfield code="a">Cramp, R. Monkwearmouth and Jarrow.--Whitelock, D. Bede and his teachers and friends.--Meyvaert, P. Bede the scholar.--Ward, B. Miracles and history.--Mackay, T. W. Bede's hagiographical method.--Hill, R. Bede and the Boors.--Barnard, L. W. Bede and Eusebius and church historians.--Ray, R. D. Bede, the exegete, as historian.--Wormald, P. Bede and Benedicat Biscop.--Crépin, A. Bede and vernacular.--Lucas, P. J. Old English Christian poetry.--Bieler, L. Ireland's contribution to the culture of Northumbria.--Ní Chatháin, P. Some early Irish hymn material.--Blair, P. H. From Bede to Alcuin.--Jones, C. W. Bede's place in medieval schools.--Kirby, D. P. ... per universas Pictorum provincias.--Douglas, I. M. Bede's De Templo and the Commentary on Samuel and kings by Claudius of Turin.--Benedikz, B. S. Bede in the Uttermost north.--Godfrey, J. The place of the double monastery in the Anglo-Saxon minster system.--Harrison, K. Woden.--Towers, T. Smith and Son, editors of Bede.--Wallace-Hadrill, J. M. Bede and plummer.</marc:subfield>
          </marc:datafield>
          <marc:datafield ind1="0" ind2="0" tag="600">
            <marc:subfield code="a">Bede,</marc:subfield>
            <marc:subfield code="c">the Venerable, Saint,</marc:subfield>
            <marc:subfield code="d">673-735.</marc:subfield>
          </marc:datafield>
          <marc:datafield ind1=" " ind2="0" tag="651">
            <marc:subfield code="a">Great Britain</marc:subfield>
            <marc:subfield code="x">Church history</marc:subfield>
            <marc:subfield code="y">449-1066.</marc:subfield>
          </marc:datafield>
          <marc:datafield ind1="0" ind2=" " tag="700">
            <marc:subfield code="a">Bede,</marc:subfield>
            <marc:subfield code="c">the Venerable, Saint,</marc:subfield>
            <marc:subfield code="d">673-735.</marc:subfield>
          </marc:datafield>
          <marc:datafield ind1="1" ind2=" " tag="700">
            <marc:subfield code="a">Bonner, Gerald.</marc:subfield>
          </marc:datafield>
          <marc:datafield ind1=" " ind2=" " tag="911">
            <marc:subfield code="a">p</marc:subfield>
          </marc:datafield>
          <marc:datafield ind1=" " ind2=" " tag="966">
            <marc:subfield code="l">Stack </marc:subfield>
            <marc:subfield code="m">RMON  </marc:subfield>
            <marc:subfield code="s">PA8260 .F3</marc:subfield>
            <marc:subfield code="b">39087003592534</marc:subfield>
          </marc:datafield>
          <marc:datafield ind1=" " ind2=" " tag="966">
            <marc:subfield code="l">GenStk</marc:subfield>
            <marc:subfield code="m">DIVMTH</marc:subfield>
            <marc:subfield code="s">PA8260 .F3</marc:subfield>
          </marc:datafield>
          <marc:datafield tag="931" ind1=" " ind2=" ">
            <marc:subfield code="a">Text</marc:subfield>
            <marc:subfield code="5">NRU</marc:subfield>
          </marc:datafield>
          <marc:datafield tag="932" ind1=" " ind2=" ">
            <marc:subfield code="a">Language material</marc:subfield>
            <marc:subfield code="5">NRU</marc:subfield>
          </marc:datafield>
          <marc:datafield tag="933" ind1=" " ind2=" ">
            <marc:subfield code="a">Text</marc:subfield>
            <marc:subfield code="5">NRU</marc:subfield>
          </marc:datafield>
          <marc:datafield tag="935" ind1=" " ind2=" ">
            <marc:subfield code="a">Monograph/Item</marc:subfield>
            <marc:subfield code="5">NRU</marc:subfield>
          </marc:datafield>
          <marc:datafield tag="937" ind1=" " ind2=" ">
            <marc:subfield code="a">Non-Fiction</marc:subfield>
            <marc:subfield code="5">NRU</marc:subfield>
          </marc:datafield>
          <marc:datafield tag="941" ind1=" " ind2=" ">
            <marc:subfield code="a">eng</marc:subfield>
            <marc:subfield code="5">NRU</marc:subfield>
          </marc:datafield>
          <marc:datafield tag="943" ind1=" " ind2=" ">
            <marc:subfield code="a">English</marc:subfield>
            <marc:subfield code="5">NRU</marc:subfield>
          </marc:datafield>
          <marc:datafield tag="947" ind1=" " ind2=" ">
            <marc:subfield code="a">0281029490 </marc:subfield>
            <marc:subfield code="5">NRU</marc:subfield>
          </marc:datafield>
          <marc:datafield tag="035" ind1=" " ind2=" ">
            <marc:subfield code="a">(NRU)239</marc:subfield>
          </marc:datafield>
          <marc:datafield tag="130" ind1="0" ind2=" ">
            <marc:subfield code="a">Famulus Christi :</marc:subfield>
          </marc:datafield>
          <marc:datafield tag="965" ind1=" " ind2="0">
            <marc:subfield code="x">Church history</marc:subfield>
            <marc:subfield code="5">NRU</marc:subfield>
          </marc:datafield>
          <marc:datafield tag="963" ind1=" " ind2="0">
            <marc:subfield code="y">449-1066.</marc:subfield>
            <marc:subfield code="5">NRU</marc:subfield>
          </marc:datafield>
          <marc:datafield tag="967" ind1=" " ind2="0">
            <marc:subfield code="a">Great Britain</marc:subfield>
            <marc:subfield code="5">NRU</marc:subfield>
          </marc:datafield>
        </marc:record>
      </metadata>
    </record>
    <record>
      <header>
        <identifier>oai:mst.rochester.edu:marcnormalization/5561</identifier>
        <datestamp>2011-03-02T19:21:22Z</datestamp>
        <setSpec>MARCXMLholding</setSpec>
        <setSpec>marcnormalization</setSpec>
      </header>
      <metadata>
        <marc:record xmlns:marc="http://www.loc.gov/MARC21/slim" xmlns:xsi="http://www.w3.org/2001/XMLSchema-instance" xsi:schemaLocation="http://www.loc.gov/MARC21/slim http://128.151.244.137:8080/OAIToolkit/schema/MARC21slim_custom.xsd">
          <marc:leader>00196cx  a22000973  4500</marc:leader>
          <marc:controlfield tag="001">434</marc:controlfield>
          <marc:controlfield tag="004">239</marc:controlfield>
          <marc:controlfield tag="005">19961209123635.0</marc:controlfield>
          <marc:controlfield tag="008">9612090u    0   4001uu   0000000</marc:controlfield>
          <marc:datafield ind1=" " ind2=" " tag="014">
            <marc:subfield code="a">00012031</marc:subfield>
          </marc:datafield>
          <marc:datafield ind1="0" ind2=" " tag="852">
            <marc:subfield code="b">RheesStack</marc:subfield>
            <marc:subfield code="h">PA8260 .F3</marc:subfield>
          </marc:datafield>
        </marc:record>
      </metadata>
    </record>