
    <record>
      <header>
        <identifier>oai:mst.rochester.edu:marcnormalization/5639</identifier>
        <datestamp>2011-03-02T19:21:22Z</datestamp>
        <setSpec>MARCXMLbibliographic</setSpec>
        <setSpec>marcnormalization</setSpec>
      </header>
      <metadata>
        <marc:record xmlns:marc="http://www.loc.gov/MARC21/slim" xmlns:xsi="http://www.w3.org/2001/XMLSchema-instance" xsi:schemaLocation="http://www.loc.gov/MARC21/slim http://128.151.244.137:8080/OAIToolkit/schema/MARC21slim_custom.xsd">
          <marc:leader>02156cas a2200481   4500</marc:leader>
          <marc:controlfield tag="001">276</marc:controlfield>
          <marc:controlfield tag="005">20080612101409.0</marc:controlfield>
          <marc:controlfield tag="008">751101d19291996be arz        0   b0fre d</marc:controlfield>
          <marc:controlfield tag="003">NRU</marc:controlfield>
          <marc:datafield ind1=" " ind2=" " tag="010">
            <marc:subfield code="a">   52024494 </marc:subfield>
            <marc:subfield code="z">sn 90005512 </marc:subfield>
          </marc:datafield>
          <marc:datafield ind1=" " ind2=" " tag="022">
            <marc:subfield code="a">0034-1266</marc:subfield>
          </marc:datafield>
          <marc:datafield ind1="1" ind2=" " tag="029">
            <marc:subfield code="a">NLGGC</marc:subfield>
            <marc:subfield code="b">840007868</marc:subfield>
          </marc:datafield>
          <marc:datafield ind1=" " ind2=" " tag="035">
            <marc:subfield code="a">(OCoLC)1763506</marc:subfield>
          </marc:datafield>
          <marc:datafield ind1=" " ind2=" " tag="040">
            <marc:subfield code="a">MUL</marc:subfield>
            <marc:subfield code="c">MUL</marc:subfield>
            <marc:subfield code="d">COO</marc:subfield>
            <marc:subfield code="d">BTI</marc:subfield>
            <marc:subfield code="d">AIP</marc:subfield>
            <marc:subfield code="d">OCL</marc:subfield>
            <marc:subfield code="d">NSD</marc:subfield>
            <marc:subfield code="d">IUL</marc:subfield>
            <marc:subfield code="d">DLC</marc:subfield>
            <marc:subfield code="d">IUL</marc:subfield>
            <marc:subfield code="d">WAU</marc:subfield>
            <marc:subfield code="d">HLS</marc:subfield>
            <marc:subfield code="d">IUL</marc:subfield>
            <marc:subfield code="d">DLC</marc:subfield>
            <marc:subfield code="d">OCLCQ</marc:subfield>
            <marc:subfield code="d">NLGGC</marc:subfield>
          </marc:datafield>
          <marc:datafield ind1="0" ind2=" " tag="041">
            <marc:subfield code="a">freengger</marc:subfield>
          </marc:datafield>
          <marc:datafield ind1=" " ind2=" " tag="042">
            <marc:subfield code="a">nsdp</marc:subfield>
            <marc:subfield code="a">lcd</marc:subfield>
            <marc:subfield code="a">premarc</marc:subfield>
          </marc:datafield>
          <marc:datafield ind1=" " ind2=" " tag="049">
            <marc:subfield code="a">RRRR</marc:subfield>
          </marc:datafield>
          <marc:datafield ind1="0" ind2="0" tag="050">
            <marc:subfield code="a">BX800.A1</marc:subfield>
            <marc:subfield code="b">R4</marc:subfield>
          </marc:datafield>
          <marc:datafield ind1="0" ind2=" " tag="210">
            <marc:subfield code="a">Rech. théol. anc. médiév.</marc:subfield>
          </marc:datafield>
          <marc:datafield ind1=" " ind2="0" tag="222">
            <marc:subfield code="a">Recherches de théologie ancienne et médiévale</marc:subfield>
          </marc:datafield>
          <marc:datafield ind1="0" ind2="0" tag="245">
            <marc:subfield code="a">Recherches de théologie ancienne et médiévale.</marc:subfield>
          </marc:datafield>
          <marc:datafield ind1=" " ind2=" " tag="260">
            <marc:subfield code="a">Louvain,</marc:subfield>
            <marc:subfield code="b">Abbaye du Mont César,</marc:subfield>
            <marc:subfield code="c">1929-1996.</marc:subfield>
          </marc:datafield>
          <marc:datafield ind1=" " ind2=" " tag="300">
            <marc:subfield code="a">63 v.</marc:subfield>
            <marc:subfield code="c">26 cm.</marc:subfield>
          </marc:datafield>
          <marc:datafield ind1=" " ind2=" " tag="310">
            <marc:subfield code="a">Annual,</marc:subfield>
            <marc:subfield code="b">&lt;1969&gt;-1996</marc:subfield>
          </marc:datafield>
          <marc:datafield ind1=" " ind2=" " tag="321">
            <marc:subfield code="a">Two no. a year,</marc:subfield>
            <marc:subfield code="b">1929-</marc:subfield>
          </marc:datafield>
          <marc:datafield ind1="0" ind2=" " tag="362">
            <marc:subfield code="a">t. 1-63; 1929-1996.</marc:subfield>
          </marc:datafield>
          <marc:datafield ind1=" " ind2=" " tag="515">
            <marc:subfield code="a">Suspended, 1941-45.</marc:subfield>
          </marc:datafield>
          <marc:datafield ind1=" " ind2=" " tag="546">
            <marc:subfield code="a">French, English, and German.</marc:subfield>
          </marc:datafield>
          <marc:datafield ind1=" " ind2=" " tag="580">
            <marc:subfield code="a">Has supplements: Bulletin de théologie ancienne et médiévale, 1929-1940; Recherches de théologie ancienne et médiévale. Numéro spécial, 1980; and: Recherches de théologie ancienne et médiévale. Supplementa, 1995-1996.</marc:subfield>
          </marc:datafield>
          <marc:datafield ind1="2" ind2="0" tag="610">
            <marc:subfield code="a">Catholic Church</marc:subfield>
            <marc:subfield code="x">Doctrines</marc:subfield>
            <marc:subfield code="x">History</marc:subfield>
            <marc:subfield code="v">Periodicals.</marc:subfield>
          </marc:datafield>
          <marc:datafield ind1=" " ind2="0" tag="650">
            <marc:subfield code="a">Theology</marc:subfield>
            <marc:subfield code="v">Periodicals.</marc:subfield>
          </marc:datafield>
          <marc:datafield ind1=" " ind2="0" tag="650">
            <marc:subfield code="a">Theology</marc:subfield>
            <marc:subfield code="x">History</marc:subfield>
            <marc:subfield code="v">Periodicals.</marc:subfield>
          </marc:datafield>
          <marc:datafield ind1=" " ind2="0" tag="650">
            <marc:subfield code="a">Theology</marc:subfield>
            <marc:subfield code="x">History</marc:subfield>
            <marc:subfield code="y">Early church, ca. 30-600</marc:subfield>
            <marc:subfield code="v">Periodicals.</marc:subfield>
          </marc:datafield>
          <marc:datafield ind1=" " ind2="0" tag="650">
            <marc:subfield code="a">Theology</marc:subfield>
            <marc:subfield code="x">History</marc:subfield>
            <marc:subfield code="y">Middle Ages, 600-1500</marc:subfield>
            <marc:subfield code="v">Periodicals.</marc:subfield>
          </marc:datafield>
          <marc:datafield ind1="1" ind2="7" tag="650">
            <marc:subfield code="a">Theologie.</marc:subfield>
            <marc:subfield code="2">gtt</marc:subfield>
          </marc:datafield>
          <marc:datafield ind1="1" ind2="7" tag="650">
            <marc:subfield code="a">Kerkgeschiedenis (wetenschap)</marc:subfield>
            <marc:subfield code="2">gtt</marc:subfield>
          </marc:datafield>
          <marc:datafield ind1="1" ind2="7" tag="650">
            <marc:subfield code="a">Oudheid.</marc:subfield>
            <marc:subfield code="2">gtt</marc:subfield>
          </marc:datafield>
          <marc:datafield ind1="1" ind2="7" tag="650">
            <marc:subfield code="a">Middeleeuwen.</marc:subfield>
            <marc:subfield code="2">gtt</marc:subfield>
          </marc:datafield>
          <marc:datafield ind1="2" ind2=" " tag="710">
            <marc:subfield code="a">Abbaye du Mont César (Louvain, Belgium)</marc:subfield>
          </marc:datafield>
          <marc:datafield ind1="1" ind2=" " tag="770">
            <marc:subfield code="t">Bulletin de théologie ancienne et médiévale</marc:subfield>
            <marc:subfield code="x">0007-442X</marc:subfield>
            <marc:subfield code="w">(OCoLC)1774852</marc:subfield>
          </marc:datafield>
          <marc:datafield ind1="1" ind2=" " tag="770">
            <marc:subfield code="t">Recherches de théologie ancienne et médiévale. Numéro spécial</marc:subfield>
            <marc:subfield code="w">(OCoLC)6754047</marc:subfield>
          </marc:datafield>
          <marc:datafield ind1="1" ind2=" " tag="770">
            <marc:subfield code="t">Recherches de théologie ancienne et médiévale. Supplementa</marc:subfield>
            <marc:subfield code="w">(DLC)sn 97034271</marc:subfield>
            <marc:subfield code="w">(OCoLC)33892083</marc:subfield>
          </marc:datafield>
          <marc:datafield ind1="0" ind2="0" tag="785">
            <marc:subfield code="t">Recherches de théologie et philosophie médiévales</marc:subfield>
            <marc:subfield code="x">1370-7493</marc:subfield>
            <marc:subfield code="w">(DLC)sn 98047099</marc:subfield>
            <marc:subfield code="w">(OCoLC)37596334</marc:subfield>
          </marc:datafield>
          <marc:datafield ind1=" " ind2=" " tag="994">
            <marc:subfield code="a">C0</marc:subfield>
            <marc:subfield code="b">RRR</marc:subfield>
          </marc:datafield>
          <marc:datafield tag="931" ind1=" " ind2=" ">
            <marc:subfield code="a">Text</marc:subfield>
            <marc:subfield code="5">NRU</marc:subfield>
          </marc:datafield>
          <marc:datafield tag="932" ind1=" " ind2=" ">
            <marc:subfield code="a">Language material</marc:subfield>
            <marc:subfield code="5">NRU</marc:subfield>
          </marc:datafield>
          <marc:datafield tag="933" ind1=" " ind2=" ">
            <marc:subfield code="a">Text</marc:subfield>
            <marc:subfield code="5">NRU</marc:subfield>
          </marc:datafield>
          <marc:datafield tag="935" ind1=" " ind2=" ">
            <marc:subfield code="a">Serial</marc:subfield>
            <marc:subfield code="5">NRU</marc:subfield>
          </marc:datafield>
          <marc:datafield tag="937" ind1=" " ind2=" ">
            <marc:subfield code="a">Non-Fiction</marc:subfield>
            <marc:subfield code="5">NRU</marc:subfield>
          </marc:datafield>
          <marc:datafield tag="939" ind1=" " ind2=" ">
            <marc:subfield code="a">1929-1996</marc:subfield>
            <marc:subfield code="5">NRU</marc:subfield>
          </marc:datafield>
          <marc:datafield tag="941" ind1=" " ind2=" ">
            <marc:subfield code="a">fre</marc:subfield>
            <marc:subfield code="5">NRU</marc:subfield>
          </marc:datafield>
          <marc:datafield tag="941" ind1=" " ind2=" ">
            <marc:subfield code="a">eng</marc:subfield>
            <marc:subfield code="5">NRU</marc:subfield>
          </marc:datafield>
          <marc:datafield tag="941" ind1=" " ind2=" ">
            <marc:subfield code="a">ger</marc:subfield>
            <marc:subfield code="5">NRU</marc:subfield>
          </marc:datafield>
          <marc:datafield tag="943" ind1=" " ind2=" ">
            <marc:subfield code="a">French</marc:subfield>
            <marc:subfield code="5">NRU</marc:subfield>
          </marc:datafield>
          <marc:datafield tag="943" ind1=" " ind2=" ">
            <marc:subfield code="a">English</marc:subfield>
            <marc:subfield code="5">NRU</marc:subfield>
          </marc:datafield>
          <marc:datafield tag="943" ind1=" " ind2=" ">
            <marc:subfield code="a">German</marc:subfield>
            <marc:subfield code="5">NRU</marc:subfield>
          </marc:datafield>
          <marc:datafield tag="035" ind1=" " ind2=" ">
            <marc:subfield code="a">(NRU)276</marc:subfield>
          </marc:datafield>
          <marc:datafield tag="130" ind1="0" ind2=" ">
            <marc:subfield code="a">Recherches de théologie ancienne et médiévale.</marc:subfield>
          </marc:datafield>
          <marc:datafield tag="965" ind1="2" ind2="0">
            <marc:subfield code="a">Catholic Church</marc:subfield>
            <marc:subfield code="5">NRU</marc:subfield>
          </marc:datafield>
          <marc:datafield tag="965" ind1=" " ind2="0">
            <marc:subfield code="a">Theology</marc:subfield>
            <marc:subfield code="5">NRU</marc:subfield>
          </marc:datafield>
          <marc:datafield tag="965" ind1="2" ind2="0">
            <marc:subfield code="x">Doctrines</marc:subfield>
            <marc:subfield code="5">NRU</marc:subfield>
          </marc:datafield>
          <marc:datafield tag="965" ind1="2" ind2="0">
            <marc:subfield code="x">History</marc:subfield>
            <marc:subfield code="5">NRU</marc:subfield>
          </marc:datafield>
          <marc:datafield tag="963" ind1=" " ind2="0">
            <marc:subfield code="y">Early church, ca. 30-600</marc:subfield>
            <marc:subfield code="5">NRU</marc:subfield>
          </marc:datafield>
          <marc:datafield tag="963" ind1=" " ind2="0">
            <marc:subfield code="y">Middle Ages, 600-1500</marc:subfield>
            <marc:subfield code="5">NRU</marc:subfield>
          </marc:datafield>
          <marc:datafield tag="969" ind1="2" ind2="0">
            <marc:subfield code="v">Periodicals.</marc:subfield>
            <marc:subfield code="5">NRU</marc:subfield>
          </marc:datafield>
        </marc:record>
      </metadata>
    </record>
    <record>
      <header>
        <identifier>oai:mst.rochester.edu:marcnormalization/5640</identifier>
        <datestamp>2011-03-02T19:21:22Z</datestamp>
        <setSpec>MARCXMLholding</setSpec>
        <setSpec>marcnormalization</setSpec>
      </header>
      <metadata>
        <marc:record xmlns:marc="http://www.loc.gov/MARC21/slim" xmlns:xsi="http://www.w3.org/2001/XMLSchema-instance" xsi:schemaLocation="http://www.loc.gov/MARC21/slim http://128.151.244.137:8080/OAIToolkit/schema/MARC21slim_custom.xsd">
          <marc:leader>00214cy  a22000973  4500</marc:leader>
          <marc:controlfield tag="001">502</marc:controlfield>
          <marc:controlfield tag="004">276</marc:controlfield>
          <marc:controlfield tag="005">20060322141522.0</marc:controlfield>
          <marc:controlfield tag="008">9802252u    8   2001uueng0000000</marc:controlfield>
          <marc:datafield ind1="0" ind2=" " tag="852">
            <marc:subfield code="b">RheesStack</marc:subfield>
            <marc:subfield code="h">BX800.A1</marc:subfield>
            <marc:subfield code="i">R29</marc:subfield>
          </marc:datafield>
          <marc:datafield ind1="3" ind2="0" tag="866">
            <marc:subfield code="a">t.35 (1968)-t.57 (1990)</marc:subfield>
          </marc:datafield>
        </marc:record>
      </metadata>
    </record>
    <record>
      <header>
        <identifier>oai:mst.rochester.edu:marcnormalization/5641</identifier>
        <datestamp>2011-03-02T19:21:22Z</datestamp>
        <setSpec>MARCXMLholding</setSpec>
        <setSpec>marcnormalization</setSpec>
      </header>
      <metadata>
        <marc:record xmlns:marc="http://www.loc.gov/MARC21/slim" xmlns:xsi="http://www.w3.org/2001/XMLSchema-instance" xsi:schemaLocation="http://www.loc.gov/MARC21/slim http://128.151.244.137:8080/OAIToolkit/schema/MARC21slim_custom.xsd">
          <marc:leader>00249cy  a22000973  4500</marc:leader>
          <marc:controlfield tag="001">503</marc:controlfield>
          <marc:controlfield tag="004">276</marc:controlfield>
          <marc:controlfield tag="005">20051025090023.0</marc:controlfield>
          <marc:controlfield tag="008">9802252u    8   2001uueng0000000</marc:controlfield>
          <marc:datafield ind1="0" ind2=" " tag="852">
            <marc:subfield code="b">Robbins</marc:subfield>
            <marc:subfield code="h">BX800.A1</marc:subfield>
            <marc:subfield code="i">R29</marc:subfield>
          </marc:datafield>
          <marc:datafield ind1="3" ind2="0" tag="866">
            <marc:subfield code="a">t.35 (1968)-t.39 (1972), t.41 (1974)-t.46 (1979), t.48 (1981)</marc:subfield>
          </marc:datafield>
        </marc:record>
      </metadata>
    </record>
    <record>
      <header>
        <identifier>oai:mst.rochester.edu:marcnormalization/5642</identifier>
        <datestamp>2011-03-02T19:21:22Z</datestamp>
        <setSpec>MARCXMLholding</setSpec>
        <setSpec>marcnormalization</setSpec>
      </header>
      <metadata>
        <marc:record xmlns:marc="http://www.loc.gov/MARC21/slim" xmlns:xsi="http://www.w3.org/2001/XMLSchema-instance" xsi:schemaLocation="http://www.loc.gov/MARC21/slim http://128.151.244.137:8080/OAIToolkit/schema/MARC21slim_custom.xsd">
          <marc:leader>00284cy  a22000973  4500</marc:leader>
          <marc:controlfield tag="001">3255561</marc:controlfield>
          <marc:controlfield tag="004">276</marc:controlfield>
          <marc:controlfield tag="005">20060322141610.0</marc:controlfield>
          <marc:controlfield tag="008">0603212u    8   2001uueng0000000</marc:controlfield>
          <marc:datafield ind1="0" ind2=" " tag="852">
            <marc:subfield code="b">DivPer</marc:subfield>
            <marc:subfield code="h">BX800.A1</marc:subfield>
            <marc:subfield code="i">R29</marc:subfield>
          </marc:datafield>
          <marc:datafield ind1="3" ind2="0" tag="866">
            <marc:subfield code="a">t.17 (1950)-t.34 (1967), t.58 (1991)-t.63 (1996)</marc:subfield>
            <marc:subfield code="z">Missing t.30, no.1-2 (1963) and v.41 (1974)</marc:subfield>
          </marc:datafield>
        </marc:record>
      </metadata>
    </record>