
    <record>
      <header>
        <identifier>oai:mst.rochester.edu:marcnormalization/5650</identifier>
        <datestamp>2011-03-02T19:21:22Z</datestamp>
        <setSpec>MARCXMLbibliographic</setSpec>
        <setSpec>marcnormalization</setSpec>
      </header>
      <metadata>
        <marc:record xmlns:marc="http://www.loc.gov/MARC21/slim" xmlns:xsi="http://www.w3.org/2001/XMLSchema-instance" xsi:schemaLocation="http://www.loc.gov/MARC21/slim http://128.151.244.137:8080/OAIToolkit/schema/MARC21slim_custom.xsd">
          <marc:leader>03481nam a22006130  4500</marc:leader>
          <marc:controlfield tag="001">280</marc:controlfield>
          <marc:controlfield tag="005">19950701000000.0</marc:controlfield>
          <marc:controlfield tag="008">740812 1969                        fre u</marc:controlfield>
          <marc:controlfield tag="003">NRU</marc:controlfield>
          <marc:datafield ind1=" " ind2=" " tag="035">
            <marc:subfield code="a">(OCoLC)974886</marc:subfield>
          </marc:datafield>
          <marc:datafield ind1=" " ind2=" " tag="035">
            <marc:subfield code="9">00013499</marc:subfield>
          </marc:datafield>
          <marc:datafield ind1=" " ind2=" " tag="040">
            <marc:subfield code="c">VTU</marc:subfield>
            <marc:subfield code="d">RRR</marc:subfield>
          </marc:datafield>
          <marc:datafield ind1=" " ind2=" " tag="049">
            <marc:subfield code="a">RRR1</marc:subfield>
          </marc:datafield>
          <marc:datafield ind1=" " ind2=" " tag="090">
            <marc:subfield code="a">NE90</marc:subfield>
            <marc:subfield code="b">.D36p 1969</marc:subfield>
          </marc:datafield>
          <marc:datafield ind1=" " ind2=" " tag="099">
            <marc:subfield code="a">NE90 .D36p 1969</marc:subfield>
          </marc:datafield>
          <marc:datafield ind1="1" ind2=" " tag="100">
            <marc:subfield code="a">Delteil, Loys,</marc:subfield>
            <marc:subfield code="d">1869-1927.</marc:subfield>
            <marc:subfield code="4">aut</marc:subfield>
          </marc:datafield>
          <marc:datafield ind1="1" ind2="3" tag="245">
            <marc:subfield code="a">Le peintre-graveur illustré:  the graphic works of nineteenth and twentieth century artists;</marc:subfield>
            <marc:subfield code="c">an illustrated catalog.</marc:subfield>
          </marc:datafield>
          <marc:datafield ind1=" " ind2=" " tag="260">
            <marc:subfield code="a">New York,</marc:subfield>
            <marc:subfield code="b">Collectors Editions,</marc:subfield>
            <marc:subfield code="c">1969-70 [c1968]</marc:subfield>
          </marc:datafield>
          <marc:datafield ind1=" " ind2=" " tag="300">
            <marc:subfield code="a">32 v.</marc:subfield>
            <marc:subfield code="b">illus., ports.</marc:subfield>
            <marc:subfield code="c">33 cm.</marc:subfield>
          </marc:datafield>
          <marc:datafield ind1=" " ind2=" " tag="500">
            <marc:subfield code="a">Reprint of the 1906-30, Paris ed. with additional material.</marc:subfield>
          </marc:datafield>
          <marc:datafield ind1="0" ind2=" " tag="505">
            <marc:subfield code="a">v.1. Millet; Rousseau; Dupré; Jongkind.--v.2. Meryon.--v.3. Ingres; Delacroix.--4.  Zorn.-- v.5. Corot.--v.6.  Rude; Barye; Carpeaux; Rodin.--v.7.  Huet.--v.8.  Carrière.--v.9.  Degas.--v.10-11.  Toulouse-Lautrec.--v.12. Leheutre.--v.13. Daubigny.--v.14-15. Goya.--v.16. Raffaëlli.--v.17. Pissarro. Sisley. Renoir.--v.18. Gericault.--v.19.  Leys; De Braekeleer; Ensor.--v.20-29.  Daumier.--v.30.  Besnard.--v.31 Frélaut.--v.32.  Appendix and glossary, prepared under the supervision of Herman J. Wechsler.</marc:subfield>
          </marc:datafield>
          <marc:datafield ind1=" " ind2="0" tag="650">
            <marc:subfield code="a">Engraving</marc:subfield>
            <marc:subfield code="x">Catalogs.</marc:subfield>
          </marc:datafield>
          <marc:datafield ind1=" " ind2=" " tag="911">
            <marc:subfield code="a">p</marc:subfield>
          </marc:datafield>
          <marc:datafield ind1=" " ind2=" " tag="966">
            <marc:subfield code="l">*Folio</marc:subfield>
            <marc:subfield code="m">MAGNC </marc:subfield>
            <marc:subfield code="s">NE90 .D36p 1969</marc:subfield>
            <marc:subfield code="d">v. 1</marc:subfield>
            <marc:subfield code="b">39087010698704</marc:subfield>
          </marc:datafield>
          <marc:datafield ind1=" " ind2=" " tag="966">
            <marc:subfield code="l">*Folio</marc:subfield>
            <marc:subfield code="m">MAGNC </marc:subfield>
            <marc:subfield code="s">NE90 .D36p 1969</marc:subfield>
            <marc:subfield code="d">v. 2</marc:subfield>
            <marc:subfield code="b">39087010698696</marc:subfield>
          </marc:datafield>
          <marc:datafield ind1=" " ind2=" " tag="966">
            <marc:subfield code="l">*Folio</marc:subfield>
            <marc:subfield code="m">MAGNC </marc:subfield>
            <marc:subfield code="s">NE90 .D36p 1969</marc:subfield>
            <marc:subfield code="d">v. 3</marc:subfield>
            <marc:subfield code="b">39087010698688</marc:subfield>
          </marc:datafield>
          <marc:datafield ind1=" " ind2=" " tag="966">
            <marc:subfield code="l">*Folio</marc:subfield>
            <marc:subfield code="m">MAGNC </marc:subfield>
            <marc:subfield code="s">NE90 .D36p 1969</marc:subfield>
            <marc:subfield code="d">v. 4</marc:subfield>
            <marc:subfield code="b">39087010698670</marc:subfield>
          </marc:datafield>
          <marc:datafield ind1=" " ind2=" " tag="966">
            <marc:subfield code="l">*Folio</marc:subfield>
            <marc:subfield code="m">MAGNC </marc:subfield>
            <marc:subfield code="s">NE90 .D36p 1969</marc:subfield>
            <marc:subfield code="d">v. 5</marc:subfield>
            <marc:subfield code="b">39087010698662</marc:subfield>
          </marc:datafield>
          <marc:datafield ind1=" " ind2=" " tag="966">
            <marc:subfield code="l">*Folio</marc:subfield>
            <marc:subfield code="m">MAGNC </marc:subfield>
            <marc:subfield code="s">NE90 .D36p 1969</marc:subfield>
            <marc:subfield code="d">v. 6</marc:subfield>
            <marc:subfield code="b">39087010698654</marc:subfield>
          </marc:datafield>
          <marc:datafield ind1=" " ind2=" " tag="966">
            <marc:subfield code="l">*Folio</marc:subfield>
            <marc:subfield code="m">MAGNC </marc:subfield>
            <marc:subfield code="s">NE90 .D36p 1969</marc:subfield>
            <marc:subfield code="d">v. 7</marc:subfield>
            <marc:subfield code="b">39087010698647</marc:subfield>
          </marc:datafield>
          <marc:datafield ind1=" " ind2=" " tag="966">
            <marc:subfield code="l">*Folio</marc:subfield>
            <marc:subfield code="m">MAGNC </marc:subfield>
            <marc:subfield code="s">NE90 .D36p 1969</marc:subfield>
            <marc:subfield code="d">v. 8</marc:subfield>
            <marc:subfield code="b">39087010698639</marc:subfield>
          </marc:datafield>
          <marc:datafield ind1=" " ind2=" " tag="966">
            <marc:subfield code="l">*Folio</marc:subfield>
            <marc:subfield code="m">MAGNC </marc:subfield>
            <marc:subfield code="s">NE90 .D36p 1969</marc:subfield>
            <marc:subfield code="d">v. 9</marc:subfield>
            <marc:subfield code="b">39087010698621</marc:subfield>
          </marc:datafield>
          <marc:datafield ind1=" " ind2=" " tag="966">
            <marc:subfield code="l">*Folio</marc:subfield>
            <marc:subfield code="m">MAGNC </marc:subfield>
            <marc:subfield code="s">NE90 .D36p 1969</marc:subfield>
            <marc:subfield code="d">v.10</marc:subfield>
            <marc:subfield code="b">39087010698613</marc:subfield>
          </marc:datafield>
          <marc:datafield ind1=" " ind2=" " tag="966">
            <marc:subfield code="l">*Folio</marc:subfield>
            <marc:subfield code="m">MAGNC </marc:subfield>
            <marc:subfield code="s">NE90 .D36p 1969</marc:subfield>
            <marc:subfield code="d">v.11</marc:subfield>
            <marc:subfield code="b">39087010698605</marc:subfield>
          </marc:datafield>
          <marc:datafield ind1=" " ind2=" " tag="966">
            <marc:subfield code="l">*Folio</marc:subfield>
            <marc:subfield code="m">MAGNC </marc:subfield>
            <marc:subfield code="s">NE90 .D36p 1969</marc:subfield>
            <marc:subfield code="d">v.12</marc:subfield>
            <marc:subfield code="b">39087010698597</marc:subfield>
          </marc:datafield>
          <marc:datafield ind1=" " ind2=" " tag="966">
            <marc:subfield code="l">*Folio</marc:subfield>
            <marc:subfield code="m">MAGNC </marc:subfield>
            <marc:subfield code="s">NE90 .D36p 1969</marc:subfield>
            <marc:subfield code="d">v.13</marc:subfield>
            <marc:subfield code="b">39087010698589</marc:subfield>
          </marc:datafield>
          <marc:datafield ind1=" " ind2=" " tag="966">
            <marc:subfield code="l">*Folio</marc:subfield>
            <marc:subfield code="m">MAGNC </marc:subfield>
            <marc:subfield code="s">NE90 .D36p 1969</marc:subfield>
            <marc:subfield code="d">v.14</marc:subfield>
            <marc:subfield code="b">39087010698571</marc:subfield>
          </marc:datafield>
          <marc:datafield ind1=" " ind2=" " tag="966">
            <marc:subfield code="l">*Folio</marc:subfield>
            <marc:subfield code="m">MAGNC </marc:subfield>
            <marc:subfield code="s">NE90 .D36p 1969</marc:subfield>
            <marc:subfield code="d">v.15</marc:subfield>
            <marc:subfield code="b">39087010698563</marc:subfield>
          </marc:datafield>
          <marc:datafield ind1=" " ind2=" " tag="966">
            <marc:subfield code="l">*Folio</marc:subfield>
            <marc:subfield code="m">MAGNC </marc:subfield>
            <marc:subfield code="s">NE90 .D36p 1969</marc:subfield>
            <marc:subfield code="d">v.16</marc:subfield>
            <marc:subfield code="b">39087010698555</marc:subfield>
          </marc:datafield>
          <marc:datafield ind1=" " ind2=" " tag="966">
            <marc:subfield code="l">*Folio</marc:subfield>
            <marc:subfield code="m">MAGNC </marc:subfield>
            <marc:subfield code="s">NE90 .D36p 1969</marc:subfield>
            <marc:subfield code="d">v.17</marc:subfield>
            <marc:subfield code="b">39087010698548</marc:subfield>
          </marc:datafield>
          <marc:datafield ind1=" " ind2=" " tag="966">
            <marc:subfield code="l">*Folio</marc:subfield>
            <marc:subfield code="m">MAGNC </marc:subfield>
            <marc:subfield code="s">NE90 .D36p 1969</marc:subfield>
            <marc:subfield code="d">v.18</marc:subfield>
            <marc:subfield code="b">39087010698530</marc:subfield>
          </marc:datafield>
          <marc:datafield ind1=" " ind2=" " tag="966">
            <marc:subfield code="l">*Folio</marc:subfield>
            <marc:subfield code="m">MAGNC </marc:subfield>
            <marc:subfield code="s">NE90 .D36p 1969</marc:subfield>
            <marc:subfield code="d">v.19</marc:subfield>
            <marc:subfield code="b">39087010698522</marc:subfield>
          </marc:datafield>
          <marc:datafield ind1=" " ind2=" " tag="966">
            <marc:subfield code="l">*Folio</marc:subfield>
            <marc:subfield code="m">MAGNC </marc:subfield>
            <marc:subfield code="s">NE90 .D36p 1969</marc:subfield>
            <marc:subfield code="d">v.20</marc:subfield>
            <marc:subfield code="b">39087010698514</marc:subfield>
          </marc:datafield>
          <marc:datafield ind1=" " ind2=" " tag="966">
            <marc:subfield code="l">*Folio</marc:subfield>
            <marc:subfield code="m">MAGNC </marc:subfield>
            <marc:subfield code="s">NE90 .D36p 1969</marc:subfield>
            <marc:subfield code="d">v.21</marc:subfield>
            <marc:subfield code="b">39087010698506</marc:subfield>
          </marc:datafield>
          <marc:datafield ind1=" " ind2=" " tag="966">
            <marc:subfield code="l">*Folio</marc:subfield>
            <marc:subfield code="m">MAGNC </marc:subfield>
            <marc:subfield code="s">NE90 .D36p 1969</marc:subfield>
            <marc:subfield code="d">v.22</marc:subfield>
            <marc:subfield code="b">39087010698498</marc:subfield>
          </marc:datafield>
          <marc:datafield ind1=" " ind2=" " tag="966">
            <marc:subfield code="l">*Folio</marc:subfield>
            <marc:subfield code="m">MAGNC </marc:subfield>
            <marc:subfield code="s">NE90 .D36p 1969</marc:subfield>
            <marc:subfield code="d">v.23</marc:subfield>
            <marc:subfield code="b">39087010698480</marc:subfield>
          </marc:datafield>
          <marc:datafield ind1=" " ind2=" " tag="966">
            <marc:subfield code="l">*Folio</marc:subfield>
            <marc:subfield code="m">MAGNC </marc:subfield>
            <marc:subfield code="s">NE90 .D36p 1969</marc:subfield>
            <marc:subfield code="d">v.24</marc:subfield>
            <marc:subfield code="b">39087010698472</marc:subfield>
          </marc:datafield>
          <marc:datafield ind1=" " ind2=" " tag="966">
            <marc:subfield code="l">*Folio</marc:subfield>
            <marc:subfield code="m">MAGNC </marc:subfield>
            <marc:subfield code="s">NE90 .D36p 1969</marc:subfield>
            <marc:subfield code="d">v.25</marc:subfield>
            <marc:subfield code="b">39087010698464</marc:subfield>
          </marc:datafield>
          <marc:datafield ind1=" " ind2=" " tag="966">
            <marc:subfield code="l">*Folio</marc:subfield>
            <marc:subfield code="m">MAGNC </marc:subfield>
            <marc:subfield code="s">NE90 .D36p 1969</marc:subfield>
            <marc:subfield code="d">v.26</marc:subfield>
            <marc:subfield code="b">39087010698456</marc:subfield>
          </marc:datafield>
          <marc:datafield ind1=" " ind2=" " tag="966">
            <marc:subfield code="l">*Folio</marc:subfield>
            <marc:subfield code="m">MAGNC </marc:subfield>
            <marc:subfield code="s">NE90 .D36p 1969</marc:subfield>
            <marc:subfield code="d">v.27</marc:subfield>
            <marc:subfield code="b">39087010698449</marc:subfield>
          </marc:datafield>
          <marc:datafield ind1=" " ind2=" " tag="966">
            <marc:subfield code="l">*Folio</marc:subfield>
            <marc:subfield code="m">MAGNC </marc:subfield>
            <marc:subfield code="s">NE90 .D36p 1969</marc:subfield>
            <marc:subfield code="d">v.28</marc:subfield>
            <marc:subfield code="b">39087010698431</marc:subfield>
          </marc:datafield>
          <marc:datafield ind1=" " ind2=" " tag="966">
            <marc:subfield code="l">*Folio</marc:subfield>
            <marc:subfield code="m">MAGNC </marc:subfield>
            <marc:subfield code="s">NE90 .D36p 1969</marc:subfield>
            <marc:subfield code="d">v.29</marc:subfield>
            <marc:subfield code="b">39087010698423</marc:subfield>
          </marc:datafield>
          <marc:datafield ind1=" " ind2=" " tag="966">
            <marc:subfield code="l">*Folio</marc:subfield>
            <marc:subfield code="m">MAGNC </marc:subfield>
            <marc:subfield code="s">NE90 .D36p 1969</marc:subfield>
            <marc:subfield code="d">v.30</marc:subfield>
            <marc:subfield code="b">39087010698415</marc:subfield>
          </marc:datafield>
          <marc:datafield ind1=" " ind2=" " tag="966">
            <marc:subfield code="l">*Folio</marc:subfield>
            <marc:subfield code="m">MAGNC </marc:subfield>
            <marc:subfield code="s">NE90 .D36p 1969</marc:subfield>
            <marc:subfield code="d">v.31</marc:subfield>
            <marc:subfield code="b">39087010698407</marc:subfield>
          </marc:datafield>
          <marc:datafield ind1=" " ind2=" " tag="966">
            <marc:subfield code="l">*Folio</marc:subfield>
            <marc:subfield code="m">MAGNC </marc:subfield>
            <marc:subfield code="s">NE90 .D36p 1969</marc:subfield>
            <marc:subfield code="d">v.32</marc:subfield>
            <marc:subfield code="b">39087010698399</marc:subfield>
          </marc:datafield>
          <marc:datafield tag="931" ind1=" " ind2=" ">
            <marc:subfield code="a">Text</marc:subfield>
            <marc:subfield code="5">NRU</marc:subfield>
          </marc:datafield>
          <marc:datafield tag="932" ind1=" " ind2=" ">
            <marc:subfield code="a">Language material</marc:subfield>
            <marc:subfield code="5">NRU</marc:subfield>
          </marc:datafield>
          <marc:datafield tag="933" ind1=" " ind2=" ">
            <marc:subfield code="a">Text</marc:subfield>
            <marc:subfield code="5">NRU</marc:subfield>
          </marc:datafield>
          <marc:datafield tag="935" ind1=" " ind2=" ">
            <marc:subfield code="a">Monograph/Item</marc:subfield>
            <marc:subfield code="5">NRU</marc:subfield>
          </marc:datafield>
          <marc:datafield tag="937" ind1=" " ind2=" ">
            <marc:subfield code="a">Non-Fiction</marc:subfield>
            <marc:subfield code="5">NRU</marc:subfield>
          </marc:datafield>
          <marc:datafield tag="941" ind1=" " ind2=" ">
            <marc:subfield code="a">fre</marc:subfield>
            <marc:subfield code="5">NRU</marc:subfield>
          </marc:datafield>
          <marc:datafield tag="943" ind1=" " ind2=" ">
            <marc:subfield code="a">French</marc:subfield>
            <marc:subfield code="5">NRU</marc:subfield>
          </marc:datafield>
          <marc:datafield tag="035" ind1=" " ind2=" ">
            <marc:subfield code="a">(NRU)280</marc:subfield>
          </marc:datafield>
          <marc:datafield tag="240" ind1="0" ind2="0">
            <marc:subfield code="a">Peintre-graveur illustré:  the graphic works of nineteenth and twentieth century artists;</marc:subfield>
          </marc:datafield>
          <marc:datafield tag="965" ind1=" " ind2="0">
            <marc:subfield code="a">Engraving</marc:subfield>
            <marc:subfield code="5">NRU</marc:subfield>
          </marc:datafield>
          <marc:datafield tag="965" ind1=" " ind2="0">
            <marc:subfield code="x">Catalogs.</marc:subfield>
            <marc:subfield code="5">NRU</marc:subfield>
          </marc:datafield>
          <marc:datafield tag="246" ind1="3" ind2="0">
            <marc:subfield code="a">Peintre-graveur illustré:  the graphic works of nineteenth and twentieth century artists;</marc:subfield>
          </marc:datafield>
        </marc:record>
      </metadata>
    </record>
    <record>
      <header>
        <identifier>oai:mst.rochester.edu:marcnormalization/5651</identifier>
        <datestamp>2011-03-02T19:21:22Z</datestamp>
        <setSpec>MARCXMLholding</setSpec>
        <setSpec>marcnormalization</setSpec>
      </header>
      <metadata>
        <marc:record xmlns:marc="http://www.loc.gov/MARC21/slim" xmlns:xsi="http://www.w3.org/2001/XMLSchema-instance" xsi:schemaLocation="http://www.loc.gov/MARC21/slim http://128.151.244.137:8080/OAIToolkit/schema/MARC21slim_custom.xsd">
          <marc:leader>00234cv  a22001093  4500</marc:leader>
          <marc:controlfield tag="001">508</marc:controlfield>
          <marc:controlfield tag="004">280</marc:controlfield>
          <marc:controlfield tag="005">20001121121534.0</marc:controlfield>
          <marc:controlfield tag="008">9612092u    8   4001bu   0000000        </marc:controlfield>
          <marc:datafield ind1="1" ind2=" " tag="014">
            <marc:subfield code="a">00013499</marc:subfield>
          </marc:datafield>
          <marc:datafield ind1="0" ind2=" " tag="852">
            <marc:subfield code="b">MAGCage</marc:subfield>
            <marc:subfield code="h">NE90</marc:subfield>
            <marc:subfield code="i">.D36p 1969</marc:subfield>
          </marc:datafield>
          <marc:datafield ind1="3" ind2="0" tag="866">
            <marc:subfield code="8">0</marc:subfield>
            <marc:subfield code="a">v. 1-32</marc:subfield>
          </marc:datafield>
        </marc:record>
      </metadata>
    </record>