
    <record>
      <header>
        <identifier>oai:mst.rochester.edu:marcnormalization/5668</identifier>
        <datestamp>2011-03-02T19:21:22Z</datestamp>
        <setSpec>MARCXMLbibliographic</setSpec>
        <setSpec>marcnormalization</setSpec>
      </header>
      <metadata>
        <marc:record xmlns:marc="http://www.loc.gov/MARC21/slim" xmlns:xsi="http://www.w3.org/2001/XMLSchema-instance" xsi:schemaLocation="http://www.loc.gov/MARC21/slim http://128.151.244.137:8080/OAIToolkit/schema/MARC21slim_custom.xsd">
          <marc:leader>00904cas a22003010  4500</marc:leader>
          <marc:controlfield tag="001">290</marc:controlfield>
          <marc:controlfield tag="005">20051031102022.0</marc:controlfield>
          <marc:controlfield tag="008">751101d19419999qucmr4p       0   a0fre  </marc:controlfield>
          <marc:controlfield tag="003">NRU</marc:controlfield>
          <marc:datafield ind1=" " ind2=" " tag="010">
            <marc:subfield code="a">   45050491 </marc:subfield>
          </marc:datafield>
          <marc:datafield ind1=" " ind2=" " tag="022">
            <marc:subfield code="a">0034-3781</marc:subfield>
          </marc:datafield>
          <marc:datafield ind1=" " ind2=" " tag="035">
            <marc:subfield code="a">(OCoLC)1770924</marc:subfield>
          </marc:datafield>
          <marc:datafield ind1=" " ind2=" " tag="040">
            <marc:subfield code="a">DLC</marc:subfield>
            <marc:subfield code="c">MUL</marc:subfield>
            <marc:subfield code="d">BTI</marc:subfield>
            <marc:subfield code="d">NLC</marc:subfield>
            <marc:subfield code="d">RRR</marc:subfield>
          </marc:datafield>
          <marc:datafield ind1=" " ind2=" " tag="042">
            <marc:subfield code="a">nlc</marc:subfield>
            <marc:subfield code="a">isds/c</marc:subfield>
          </marc:datafield>
          <marc:datafield ind1=" " ind2=" " tag="049">
            <marc:subfield code="a">RRRR</marc:subfield>
          </marc:datafield>
          <marc:datafield ind1="0" ind2="0" tag="050">
            <marc:subfield code="a">BX802</marc:subfield>
            <marc:subfield code="b">.R23</marc:subfield>
          </marc:datafield>
          <marc:datafield ind1=" " ind2=" " tag="099">
            <marc:subfield code="a">BX 802 R38</marc:subfield>
          </marc:datafield>
          <marc:datafield ind1=" " ind2=" " tag="099">
            <marc:subfield code="a">BX</marc:subfield>
            <marc:subfield code="a">802</marc:subfield>
            <marc:subfield code="a">R38</marc:subfield>
          </marc:datafield>
          <marc:datafield ind1=" " ind2="0" tag="222">
            <marc:subfield code="a">Relations</marc:subfield>
            <marc:subfield code="b">(Montréal)</marc:subfield>
          </marc:datafield>
          <marc:datafield ind1="0" ind2="0" tag="245">
            <marc:subfield code="a">Relations.</marc:subfield>
          </marc:datafield>
          <marc:datafield ind1=" " ind2=" " tag="260">
            <marc:subfield code="a">[Montréal]</marc:subfield>
          </marc:datafield>
          <marc:datafield ind1=" " ind2=" " tag="300">
            <marc:subfield code="a">v.</marc:subfield>
            <marc:subfield code="c">29 cm.</marc:subfield>
          </marc:datafield>
          <marc:datafield ind1="0" ind2=" " tag="362">
            <marc:subfield code="a">1.-   année (no. 1-   ); jan. 1941-</marc:subfield>
          </marc:datafield>
          <marc:datafield ind1=" " ind2=" " tag="500">
            <marc:subfield code="a">Revue du mois publiée sous la responsibilité d'un groupe de membres de la Compagnie de Jésus.</marc:subfield>
          </marc:datafield>
          <marc:datafield ind1=" " ind2=" " tag="515">
            <marc:subfield code="a">No.181-272 called also année 16-année 23.</marc:subfield>
          </marc:datafield>
          <marc:datafield ind1="2" ind2="0" tag="610">
            <marc:subfield code="a">Catholic Church</marc:subfield>
            <marc:subfield code="x">Periodicals.</marc:subfield>
          </marc:datafield>
          <marc:datafield ind1="2" ind2=" " tag="710">
            <marc:subfield code="a">Jesuits.</marc:subfield>
            <marc:subfield code="b">Canada.</marc:subfield>
          </marc:datafield>
          <marc:datafield ind1="2" ind2=" " tag="710">
            <marc:subfield code="a">Montreal.</marc:subfield>
            <marc:subfield code="b">École sociale populaire.</marc:subfield>
          </marc:datafield>
          <marc:datafield ind1="0" ind2="2" tag="780">
            <marc:subfield code="t">L'Ordre nouveau.</marc:subfield>
          </marc:datafield>
          <marc:datafield tag="931" ind1=" " ind2=" ">
            <marc:subfield code="a">Text</marc:subfield>
            <marc:subfield code="5">NRU</marc:subfield>
          </marc:datafield>
          <marc:datafield tag="932" ind1=" " ind2=" ">
            <marc:subfield code="a">Language material</marc:subfield>
            <marc:subfield code="5">NRU</marc:subfield>
          </marc:datafield>
          <marc:datafield tag="933" ind1=" " ind2=" ">
            <marc:subfield code="a">Text</marc:subfield>
            <marc:subfield code="5">NRU</marc:subfield>
          </marc:datafield>
          <marc:datafield tag="935" ind1=" " ind2=" ">
            <marc:subfield code="a">Serial</marc:subfield>
            <marc:subfield code="5">NRU</marc:subfield>
          </marc:datafield>
          <marc:datafield tag="937" ind1=" " ind2=" ">
            <marc:subfield code="a">Non-Fiction</marc:subfield>
            <marc:subfield code="5">NRU</marc:subfield>
          </marc:datafield>
          <marc:datafield tag="939" ind1=" " ind2=" ">
            <marc:subfield code="a">1941-    </marc:subfield>
            <marc:subfield code="5">NRU</marc:subfield>
          </marc:datafield>
          <marc:datafield tag="941" ind1=" " ind2=" ">
            <marc:subfield code="a">fre</marc:subfield>
            <marc:subfield code="5">NRU</marc:subfield>
          </marc:datafield>
          <marc:datafield tag="943" ind1=" " ind2=" ">
            <marc:subfield code="a">French</marc:subfield>
            <marc:subfield code="5">NRU</marc:subfield>
          </marc:datafield>
          <marc:datafield tag="035" ind1=" " ind2=" ">
            <marc:subfield code="a">(NRU)290</marc:subfield>
          </marc:datafield>
          <marc:datafield tag="130" ind1="0" ind2=" ">
            <marc:subfield code="a">Relations.</marc:subfield>
          </marc:datafield>
          <marc:datafield tag="965" ind1="2" ind2="0">
            <marc:subfield code="a">Catholic Church</marc:subfield>
            <marc:subfield code="5">NRU</marc:subfield>
          </marc:datafield>
          <marc:datafield tag="965" ind1="2" ind2="0">
            <marc:subfield code="x">Periodicals.</marc:subfield>
            <marc:subfield code="5">NRU</marc:subfield>
          </marc:datafield>
        </marc:record>
      </metadata>
    </record>
    <record>
      <header>
        <identifier>oai:mst.rochester.edu:marcnormalization/5669</identifier>
        <datestamp>2011-03-02T19:21:22Z</datestamp>
        <setSpec>MARCXMLholding</setSpec>
        <setSpec>marcnormalization</setSpec>
      </header>
      <metadata>
        <marc:record xmlns:marc="http://www.loc.gov/MARC21/slim" xmlns:xsi="http://www.w3.org/2001/XMLSchema-instance" xsi:schemaLocation="http://www.loc.gov/MARC21/slim http://128.151.244.137:8080/OAIToolkit/schema/MARC21slim_custom.xsd">
          <marc:leader>00329cy  a22001213  4500</marc:leader>
          <marc:controlfield tag="001">522</marc:controlfield>
          <marc:controlfield tag="004">290</marc:controlfield>
          <marc:controlfield tag="005">20051031102050.0</marc:controlfield>
          <marc:controlfield tag="008">9803304p    8   0001uueng0000000</marc:controlfield>
          <marc:datafield ind1="0" ind2=" " tag="852">
            <marc:subfield code="b">RheesStack</marc:subfield>
            <marc:subfield code="h">BX802</marc:subfield>
            <marc:subfield code="i">.R38</marc:subfield>
            <marc:subfield code="z">Current issues in Periodical Reading Room</marc:subfield>
          </marc:datafield>
          <marc:datafield ind1="3" ind2="0" tag="866">
            <marc:subfield code="a">no.181 (1956)-</marc:subfield>
          </marc:datafield>
          <marc:datafield ind1=" " ind2="0" tag="866">
            <marc:subfield code="8">0</marc:subfield>
            <marc:subfield code="a">no. 738 (Jan.-Feb. 2010)</marc:subfield>
          </marc:datafield>
          <marc:datafield ind1=" " ind2="0" tag="866">
            <marc:subfield code="8">0</marc:subfield>
            <marc:subfield code="a">no. 739 (Mar. 2010)</marc:subfield>
          </marc:datafield>
        </marc:record>
      </metadata>
    </record>