
    <record>
      <header>
        <identifier>oai:mst.rochester.edu:marcnormalization/5689</identifier>
        <datestamp>2011-03-02T19:21:22Z</datestamp>
        <setSpec>MARCXMLbibliographic</setSpec>
        <setSpec>marcnormalization</setSpec>
      </header>
      <metadata>
        <marc:record xmlns:marc="http://www.loc.gov/MARC21/slim" xmlns:xsi="http://www.w3.org/2001/XMLSchema-instance" xsi:schemaLocation="http://www.loc.gov/MARC21/slim http://128.151.244.137:8080/OAIToolkit/schema/MARC21slim_custom.xsd">
          <marc:leader>02889cam a22004570  4500</marc:leader>
          <marc:controlfield tag="001">299</marc:controlfield>
          <marc:controlfield tag="005">20050924162025.0</marc:controlfield>
          <marc:controlfield tag="006">m        d f      </marc:controlfield>
          <marc:controlfield tag="003">NRU</marc:controlfield>
          <marc:controlfield tag="007">cr cn ---|||||</marc:controlfield>
          <marc:controlfield tag="008">760128m19762000dcua     b   f001 0 eng  </marc:controlfield>
          <marc:datafield ind1=" " ind2=" " tag="010">
            <marc:subfield code="a">76002592</marc:subfield>
          </marc:datafield>
          <marc:datafield ind1=" " ind2=" " tag="019">
            <marc:subfield code="a">12391261</marc:subfield>
          </marc:datafield>
          <marc:datafield ind1=" " ind2=" " tag="020">
            <marc:subfield code="a">0844401773 (set : alk. paper)</marc:subfield>
          </marc:datafield>
          <marc:datafield ind1=" " ind2=" " tag="020">
            <marc:subfield code="a">0844401773 (v. 1)</marc:subfield>
          </marc:datafield>
          <marc:datafield ind1=" " ind2=" " tag="020">
            <marc:subfield code="a">0160416663 (v. 20)</marc:subfield>
          </marc:datafield>
          <marc:datafield ind1=" " ind2=" " tag="020">
            <marc:subfield code="a">0160483697 (v. 24)</marc:subfield>
          </marc:datafield>
          <marc:datafield ind1=" " ind2=" " tag="035">
            <marc:subfield code="a">(OCoLC)2020737</marc:subfield>
          </marc:datafield>
          <marc:datafield ind1=" " ind2=" " tag="037">
            <marc:subfield code="a">030-000-00245-8 (v.20)</marc:subfield>
            <marc:subfield code="b">GPO</marc:subfield>
          </marc:datafield>
          <marc:datafield ind1=" " ind2=" " tag="040">
            <marc:subfield code="a">DLC</marc:subfield>
            <marc:subfield code="c">DLC</marc:subfield>
            <marc:subfield code="d">RRR</marc:subfield>
          </marc:datafield>
          <marc:datafield ind1=" " ind2=" " tag="043">
            <marc:subfield code="a">n-us---</marc:subfield>
          </marc:datafield>
          <marc:datafield ind1=" " ind2=" " tag="049">
            <marc:subfield code="a">RRRR</marc:subfield>
          </marc:datafield>
          <marc:datafield ind1="0" ind2=" " tag="050">
            <marc:subfield code="a">JK1033</marc:subfield>
            <marc:subfield code="b">.L47</marc:subfield>
          </marc:datafield>
          <marc:datafield ind1=" " ind2=" " tag="051">
            <marc:subfield code="a">Z663</marc:subfield>
            <marc:subfield code="b">.L35</marc:subfield>
            <marc:subfield code="c">Copy 3.</marc:subfield>
          </marc:datafield>
          <marc:datafield ind1=" " ind2=" " tag="074">
            <marc:subfield code="a">0785-D</marc:subfield>
          </marc:datafield>
          <marc:datafield ind1="0" ind2=" " tag="086">
            <marc:subfield code="a">LC 1.34:1-26</marc:subfield>
          </marc:datafield>
          <marc:datafield ind1=" " ind2=" " tag="099">
            <marc:subfield code="a">JK1033 .L47</marc:subfield>
          </marc:datafield>
          <marc:datafield ind1="0" ind2="0" tag="245">
            <marc:subfield code="a">Letters of delegates to Congress, 1774-1789 /</marc:subfield>
            <marc:subfield code="c">Paul H. Smith, editor, Gerard W. Gawalt, Rosemary Fry Plakas, Eugene R. Sheridan, assistant editors.</marc:subfield>
          </marc:datafield>
          <marc:datafield ind1=" " ind2=" " tag="260">
            <marc:subfield code="a">Washington :</marc:subfield>
            <marc:subfield code="b">Library of Congress :</marc:subfield>
            <marc:subfield code="b">For sale by the Supt. of Docs., U.S. G.P.O.,</marc:subfield>
            <marc:subfield code="c">1976-2000.</marc:subfield>
          </marc:datafield>
          <marc:datafield ind1=" " ind2=" " tag="300">
            <marc:subfield code="a">26 v. :</marc:subfield>
            <marc:subfield code="b">ill. ;</marc:subfield>
            <marc:subfield code="c">25 cm.</marc:subfield>
          </marc:datafield>
          <marc:datafield ind1=" " ind2=" " tag="500">
            <marc:subfield code="a">Vols. 13-20: Gerard W. Gawalt and Ronald M. Gephart, associate editors; v. 21-25: Ronald M. Gephart, associate editor; v. 26: Ronald M. Gephart and Paul H. Smith, editors.</marc:subfield>
          </marc:datafield>
          <marc:datafield ind1=" " ind2=" " tag="500">
            <marc:subfield code="a">Vol. 25 includes Supplement, 1774-87.</marc:subfield>
          </marc:datafield>
          <marc:datafield ind1=" " ind2=" " tag="500">
            <marc:subfield code="a">Vol. 26: Cumulative index with List of delegates to Congress, 1774-1789.</marc:subfield>
          </marc:datafield>
          <marc:datafield ind1=" " ind2=" " tag="504">
            <marc:subfield code="a">Includes bibliographical references and indexes.</marc:subfield>
          </marc:datafield>
          <marc:datafield ind1="0" ind2=" " tag="505">
            <marc:subfield code="a">vol. 1. August 1774-August 1775 -- vol. 2. September-December 1775 -- vol. 3. January-May 1776 -- vol. 4. May-August 1776 -- vol. 5. August-December 1776 -- vol. 6. January-April 1777 -- vol. 7. May 1, 1777-September 18, 1777 -- vol. 8. September 18, 1777-January 31, 1778 -- vol. 9. February 1-May 31, 1778 -- vol. 10. June 1, 1778-September 30, 1778 -- vol. 11. October 1, 1778-January 31, 1779 -- vol. 12. February 1, 1779-May 31, 1779 -- vol. 13. June 1, 1779-September 30, 1779 -- vol. 14. October 1, 1779-March 31, 1780 -- vol. 15. April 1, 1780-August 31, 1780 -- vol. 16. September 1, 1780-February 28, 1781 -- vol. 17. March 1, 1781-August 31, 1781 -- vol. 18. September 1, 1781-July 31, 1782 -- vol. 19. August 1, 1782-March 11, 1783 -- vol. 20. March 12, 1783-September 30, 1783 -- vol. 21. October 1, 1783-October 31, 1784 -- vol. 22. November 1, 1784-November 6, 1785 -- vol. 23. November 7, 1785-November 5, 1786 -- vol. 24. November 6, 1786-February 29, 1788 -- vol. 25. March 1, 1788-July 25, 1789, with Supplement, 1774-87 -- vol. 26. Cumulative index with list of delegates to Congress 1774-1789.</marc:subfield>
          </marc:datafield>
          <marc:datafield ind1=" " ind2=" " tag="530">
            <marc:subfield code="a">Also available in digital form on the Library of Congress Web site.</marc:subfield>
          </marc:datafield>
          <marc:datafield ind1="1" ind2="0" tag="610">
            <marc:subfield code="a">United States.</marc:subfield>
            <marc:subfield code="b">Continental Congress</marc:subfield>
            <marc:subfield code="x">History</marc:subfield>
            <marc:subfield code="v">Sources.</marc:subfield>
          </marc:datafield>
          <marc:datafield ind1="1" ind2=" " tag="700">
            <marc:subfield code="a">Smith, Paul Hubert,</marc:subfield>
            <marc:subfield code="d">1931-</marc:subfield>
          </marc:datafield>
          <marc:datafield ind1="1" ind2=" " tag="700">
            <marc:subfield code="a">Gephart, Ronald M.</marc:subfield>
          </marc:datafield>
          <marc:datafield ind1="2" ind2=" " tag="710">
            <marc:subfield code="a">Library of Congress.</marc:subfield>
          </marc:datafield>
          <marc:datafield ind1="4" ind2="1" tag="846">
            <marc:subfield code="u">http://hdl.loc.gov/loc.law/amlaw.lwdg</marc:subfield>
          </marc:datafield>
          <marc:datafield ind1=" " ind2=" " tag="999">
            <marc:subfield code="a">Text data RCL Internet GovDocs</marc:subfield>
          </marc:datafield>
          <marc:datafield tag="931" ind1=" " ind2=" ">
            <marc:subfield code="a">Text</marc:subfield>
            <marc:subfield code="5">NRU</marc:subfield>
          </marc:datafield>
          <marc:datafield tag="932" ind1=" " ind2=" ">
            <marc:subfield code="a">Language material</marc:subfield>
            <marc:subfield code="5">NRU</marc:subfield>
          </marc:datafield>
          <marc:datafield tag="932" ind1=" " ind2=" ">
            <marc:subfield code="a">Computer file</marc:subfield>
            <marc:subfield code="5">NRU</marc:subfield>
          </marc:datafield>
          <marc:datafield tag="933" ind1=" " ind2=" ">
            <marc:subfield code="a">Text</marc:subfield>
            <marc:subfield code="5">NRU</marc:subfield>
          </marc:datafield>
          <marc:datafield tag="935" ind1=" " ind2=" ">
            <marc:subfield code="a">Monograph/Item</marc:subfield>
            <marc:subfield code="5">NRU</marc:subfield>
          </marc:datafield>
          <marc:datafield tag="933" ind1=" " ind2=" ">
            <marc:subfield code="a">Electronic resource</marc:subfield>
            <marc:subfield code="5">NRU</marc:subfield>
          </marc:datafield>
          <marc:datafield tag="934" ind1=" " ind2=" ">
            <marc:subfield code="a">Remote</marc:subfield>
            <marc:subfield code="5">NRU</marc:subfield>
          </marc:datafield>
          <marc:datafield tag="937" ind1=" " ind2=" ">
            <marc:subfield code="a">Non-Fiction</marc:subfield>
            <marc:subfield code="5">NRU</marc:subfield>
          </marc:datafield>
          <marc:datafield tag="941" ind1=" " ind2=" ">
            <marc:subfield code="a">eng</marc:subfield>
            <marc:subfield code="5">NRU</marc:subfield>
          </marc:datafield>
          <marc:datafield tag="943" ind1=" " ind2=" ">
            <marc:subfield code="a">English</marc:subfield>
            <marc:subfield code="5">NRU</marc:subfield>
          </marc:datafield>
          <marc:datafield tag="947" ind1=" " ind2=" ">
            <marc:subfield code="a">0844401773 </marc:subfield>
            <marc:subfield code="5">NRU</marc:subfield>
          </marc:datafield>
          <marc:datafield tag="947" ind1=" " ind2=" ">
            <marc:subfield code="a">0844401773 </marc:subfield>
            <marc:subfield code="5">NRU</marc:subfield>
          </marc:datafield>
          <marc:datafield tag="947" ind1=" " ind2=" ">
            <marc:subfield code="a">0160416663 </marc:subfield>
            <marc:subfield code="5">NRU</marc:subfield>
          </marc:datafield>
          <marc:datafield tag="947" ind1=" " ind2=" ">
            <marc:subfield code="a">0160483697 </marc:subfield>
            <marc:subfield code="5">NRU</marc:subfield>
          </marc:datafield>
          <marc:datafield tag="035" ind1=" " ind2=" ">
            <marc:subfield code="a">(NRU)299</marc:subfield>
          </marc:datafield>
          <marc:datafield tag="130" ind1="0" ind2=" ">
            <marc:subfield code="a">Letters of delegates to Congress, 1774-1789 /</marc:subfield>
          </marc:datafield>
          <marc:datafield tag="965" ind1="1" ind2="0">
            <marc:subfield code="a">United States.</marc:subfield>
            <marc:subfield code="b">Continental Congress</marc:subfield>
            <marc:subfield code="5">NRU</marc:subfield>
          </marc:datafield>
          <marc:datafield tag="965" ind1="1" ind2="0">
            <marc:subfield code="x">History</marc:subfield>
            <marc:subfield code="5">NRU</marc:subfield>
          </marc:datafield>
          <marc:datafield tag="969" ind1="1" ind2="0">
            <marc:subfield code="v">Sources.</marc:subfield>
            <marc:subfield code="5">NRU</marc:subfield>
          </marc:datafield>
        </marc:record>
      </metadata>
    </record>
    <record>
      <header>
        <identifier>oai:mst.rochester.edu:marcnormalization/5690</identifier>
        <datestamp>2011-03-02T19:21:22Z</datestamp>
        <setSpec>MARCXMLholding</setSpec>
        <setSpec>marcnormalization</setSpec>
      </header>
      <metadata>
        <marc:record xmlns:marc="http://www.loc.gov/MARC21/slim" xmlns:xsi="http://www.w3.org/2001/XMLSchema-instance" xsi:schemaLocation="http://www.loc.gov/MARC21/slim http://128.151.244.137:8080/OAIToolkit/schema/MARC21slim_custom.xsd">
          <marc:leader>00200cv  a22000973  4500</marc:leader>
          <marc:controlfield tag="001">538</marc:controlfield>
          <marc:controlfield tag="004">299</marc:controlfield>
          <marc:controlfield tag="005">20050924161824.0</marc:controlfield>
          <marc:controlfield tag="008">9904214d    8   2001aueng0000000</marc:controlfield>
          <marc:datafield ind1="0" ind2=" " tag="852">
            <marc:subfield code="b">RheesStack</marc:subfield>
            <marc:subfield code="h">JK1033</marc:subfield>
            <marc:subfield code="i">.L47</marc:subfield>
          </marc:datafield>
          <marc:datafield ind1="3" ind2="0" tag="866">
            <marc:subfield code="a">Vols. 1-26</marc:subfield>
          </marc:datafield>
        </marc:record>
      </metadata>
    </record>
    <record>
      <header>
        <identifier>oai:mst.rochester.edu:marcnormalization/5691</identifier>
        <datestamp>2011-03-02T19:21:22Z</datestamp>
        <setSpec>MARCXMLholding</setSpec>
        <setSpec>marcnormalization</setSpec>
      </header>
      <metadata>
        <marc:record xmlns:marc="http://www.loc.gov/MARC21/slim" xmlns:xsi="http://www.w3.org/2001/XMLSchema-instance" xsi:schemaLocation="http://www.loc.gov/MARC21/slim http://128.151.244.137:8080/OAIToolkit/schema/MARC21slim_custom.xsd">
          <marc:leader>00242nx  a22001094  4500</marc:leader>
          <marc:controlfield tag="001">3081888</marc:controlfield>
          <marc:controlfield tag="004">299</marc:controlfield>
          <marc:controlfield tag="005">20050924161943.0</marc:controlfield>
          <marc:controlfield tag="007">cr cn ---|||||</marc:controlfield>
          <marc:controlfield tag="008">0509242d    8   1001bu   0901128</marc:controlfield>
          <marc:datafield ind1="4" ind2="1" tag="846">
            <marc:subfield code="u">http://hdl.loc.gov/loc.law/amlaw.lwdg</marc:subfield>
          </marc:datafield>
          <marc:datafield ind1=" " ind2=" " tag="852">
            <marc:subfield code="b">Internet</marc:subfield>
          </marc:datafield>
        </marc:record>
      </metadata>
    </record>