
    <record>
      <header>
        <identifier>oai:mst.rochester.edu:marcnormalization/5759</identifier>
        <datestamp>2011-03-02T19:21:22Z</datestamp>
        <setSpec>MARCXMLbibliographic</setSpec>
        <setSpec>marcnormalization</setSpec>
      </header>
      <metadata>
        <marc:record xmlns:marc="http://www.loc.gov/MARC21/slim" xmlns:xsi="http://www.w3.org/2001/XMLSchema-instance" xsi:schemaLocation="http://www.loc.gov/MARC21/slim http://128.151.244.137:8080/OAIToolkit/schema/MARC21slim_custom.xsd">
          <marc:leader>02414cam a22004330  4500</marc:leader>
          <marc:controlfield tag="001">329</marc:controlfield>
          <marc:controlfield tag="005">20091029121725.0</marc:controlfield>
          <marc:controlfield tag="008">770912m19772009ge       b    000 0ager  </marc:controlfield>
          <marc:controlfield tag="003">NRU</marc:controlfield>
          <marc:datafield ind1=" " ind2=" " tag="010">
            <marc:subfield code="a">   77482226 </marc:subfield>
          </marc:datafield>
          <marc:datafield ind1=" " ind2=" " tag="020">
            <marc:subfield code="c">43.00M (v. 1)</marc:subfield>
          </marc:datafield>
          <marc:datafield ind1=" " ind2=" " tag="035">
            <marc:subfield code="a">(OCoLC)3362133</marc:subfield>
          </marc:datafield>
          <marc:datafield ind1=" " ind2=" " tag="040">
            <marc:subfield code="a">DLC</marc:subfield>
            <marc:subfield code="c">DLC</marc:subfield>
            <marc:subfield code="d">RRR</marc:subfield>
          </marc:datafield>
          <marc:datafield ind1=" " ind2=" " tag="049">
            <marc:subfield code="a">RRRR</marc:subfield>
          </marc:datafield>
          <marc:datafield ind1="0" ind2=" " tag="050">
            <marc:subfield code="a">PT2353</marc:subfield>
            <marc:subfield code="b">.A2 1977</marc:subfield>
          </marc:datafield>
          <marc:datafield ind1=" " ind2=" " tag="090">
            <marc:subfield code="a">PT2353</marc:subfield>
            <marc:subfield code="b">.A1b 1977</marc:subfield>
          </marc:datafield>
          <marc:datafield ind1=" " ind2=" " tag="099">
            <marc:subfield code="a">PT2353 .A1b 1977</marc:subfield>
          </marc:datafield>
          <marc:datafield ind1="1" ind2=" " tag="100">
            <marc:subfield code="a">Herder, Johann Gottfried,</marc:subfield>
            <marc:subfield code="d">1744-1803.</marc:subfield>
            <marc:subfield code="4">aut</marc:subfield>
          </marc:datafield>
          <marc:datafield ind1="1" ind2="0" tag="240">
            <marc:subfield code="a">Correspondence.</marc:subfield>
            <marc:subfield code="f">1977</marc:subfield>
          </marc:datafield>
          <marc:datafield ind1="0" ind2="0" tag="245">
            <marc:subfield code="a">Briefe :</marc:subfield>
            <marc:subfield code="b">Gesamtausg. : 1763-1803 /</marc:subfield>
            <marc:subfield code="c">Johann Gottfried Herder ; unter Leitung von Karl-Heinz Hahn hrsg. von d. Nationalen Forschungs- u. Gedenkstätten d. Klass. Dt. Literatur in Weimar (Goethe- u. Schiller-Archiv) ; [bearb. von Wilhelm Dobbek u. Günter Arnold].</marc:subfield>
          </marc:datafield>
          <marc:datafield ind1="1" ind2=" " tag="246">
            <marc:subfield code="i">Some vols. have series title:</marc:subfield>
            <marc:subfield code="a">Johann Gottfried Herder Briefe :</marc:subfield>
            <marc:subfield code="b">Gesamtausgabe 1763-1803</marc:subfield>
          </marc:datafield>
          <marc:datafield ind1="3" ind2="0" tag="246">
            <marc:subfield code="a">Briefe :</marc:subfield>
            <marc:subfield code="b">Gesamtausgabe 1763-1803</marc:subfield>
          </marc:datafield>
          <marc:datafield ind1=" " ind2=" " tag="260">
            <marc:subfield code="a">Weimar :</marc:subfield>
            <marc:subfield code="b">Böhlau,</marc:subfield>
            <marc:subfield code="c">1977-1996.</marc:subfield>
          </marc:datafield>
          <marc:datafield ind1=" " ind2=" " tag="300">
            <marc:subfield code="a">14 v. ;</marc:subfield>
            <marc:subfield code="c">25 cm.</marc:subfield>
          </marc:datafield>
          <marc:datafield ind1=" " ind2=" " tag="500">
            <marc:subfield code="a">Vols. 13-14 have imprint: Weimar : Hermann Böhlaus Nachfolger, c2009.</marc:subfield>
          </marc:datafield>
          <marc:datafield ind1=" " ind2=" " tag="504">
            <marc:subfield code="a">Includes bibliographies.</marc:subfield>
          </marc:datafield>
          <marc:datafield ind1="0" ind2=" " tag="505">
            <marc:subfield code="a">Bd. 1. April 1763-April 1771.--Bd. 2. Mai 1771-April 1773.--Bd. 3. Mai 1773-September 1776.--Bd. 4. Oktober 1776-August 1783.--Bd. 5. September 1783-August 1788.--Bd. 6. August 1788-Dezember 1792.--Bd. 7. Januar 1793-Dezember 1798.--Bd. 8. Januar 1799-November 1803.--Bd. 9. Nachträge und Ergänzungen 1763-1803.--Bd. 10. Register.--Bd. 11. Kommentar zu den Bänden 1-3.--Bd. 12. Kommentar zu den Bänden 4-5.--Bd. 13. Kommentar zu Band 6.--Bd. 14. Kommentar zu Band 7.</marc:subfield>
          </marc:datafield>
          <marc:datafield ind1="1" ind2="0" tag="600">
            <marc:subfield code="a">Herder, Johann Gottfried,</marc:subfield>
            <marc:subfield code="d">1744-1803</marc:subfield>
            <marc:subfield code="x">Correspondence.</marc:subfield>
          </marc:datafield>
          <marc:datafield ind1=" " ind2="0" tag="650">
            <marc:subfield code="a">Authors, German</marc:subfield>
            <marc:subfield code="y">18th century</marc:subfield>
            <marc:subfield code="x">Correspondence.</marc:subfield>
          </marc:datafield>
          <marc:datafield ind1=" " ind2=" " tag="911">
            <marc:subfield code="a">p</marc:subfield>
          </marc:datafield>
          <marc:datafield ind1=" " ind2=" " tag="966">
            <marc:subfield code="l">Stack</marc:subfield>
            <marc:subfield code="m">RMON</marc:subfield>
            <marc:subfield code="s">PT2353 .A1b 1977</marc:subfield>
            <marc:subfield code="d">v.1</marc:subfield>
            <marc:subfield code="b">39087006144630</marc:subfield>
          </marc:datafield>
          <marc:datafield ind1=" " ind2=" " tag="966">
            <marc:subfield code="l">Stack</marc:subfield>
            <marc:subfield code="m">RMON</marc:subfield>
            <marc:subfield code="s">PT2353 .A1b 1977</marc:subfield>
            <marc:subfield code="d">v.2</marc:subfield>
            <marc:subfield code="b">39087006144648</marc:subfield>
          </marc:datafield>
          <marc:datafield ind1=" " ind2=" " tag="966">
            <marc:subfield code="l">Stack</marc:subfield>
            <marc:subfield code="m">RMON</marc:subfield>
            <marc:subfield code="s">PT2353 .A1b 1977</marc:subfield>
            <marc:subfield code="d">v.3</marc:subfield>
            <marc:subfield code="b">39087006144655</marc:subfield>
          </marc:datafield>
          <marc:datafield ind1=" " ind2=" " tag="966">
            <marc:subfield code="l">Stack</marc:subfield>
            <marc:subfield code="m">RMON</marc:subfield>
            <marc:subfield code="s">PT2353 .A1b 1977</marc:subfield>
            <marc:subfield code="d">v.4</marc:subfield>
            <marc:subfield code="b">39087006144663</marc:subfield>
          </marc:datafield>
          <marc:datafield ind1=" " ind2=" " tag="966">
            <marc:subfield code="l">Stack</marc:subfield>
            <marc:subfield code="m">RMON</marc:subfield>
            <marc:subfield code="s">PT2353 .A1b 1977</marc:subfield>
            <marc:subfield code="d">v.5</marc:subfield>
            <marc:subfield code="b">39087006144671</marc:subfield>
          </marc:datafield>
          <marc:datafield ind1=" " ind2=" " tag="966">
            <marc:subfield code="l">Stack</marc:subfield>
            <marc:subfield code="m">RMON</marc:subfield>
            <marc:subfield code="s">PT2353 .A1b 1977</marc:subfield>
            <marc:subfield code="d">v.6</marc:subfield>
            <marc:subfield code="b">39087006144689</marc:subfield>
          </marc:datafield>
          <marc:datafield ind1=" " ind2=" " tag="966">
            <marc:subfield code="l">Stack</marc:subfield>
            <marc:subfield code="m">RMON</marc:subfield>
            <marc:subfield code="s">PT2353 .A1b 1977</marc:subfield>
            <marc:subfield code="d">v.7</marc:subfield>
            <marc:subfield code="b">39087006144697</marc:subfield>
          </marc:datafield>
          <marc:datafield ind1=" " ind2=" " tag="966">
            <marc:subfield code="l">Stack</marc:subfield>
            <marc:subfield code="m">RMON</marc:subfield>
            <marc:subfield code="s">PT2353 .A1b 1977</marc:subfield>
            <marc:subfield code="d">v.8</marc:subfield>
            <marc:subfield code="b">39087008306153</marc:subfield>
          </marc:datafield>
          <marc:datafield ind1=" " ind2=" " tag="966">
            <marc:subfield code="l">Stack</marc:subfield>
            <marc:subfield code="m">RMON</marc:subfield>
            <marc:subfield code="s">PT2353 .A1b 1977</marc:subfield>
            <marc:subfield code="d">v.9</marc:subfield>
            <marc:subfield code="b">39087010724179</marc:subfield>
          </marc:datafield>
          <marc:datafield ind1=" " ind2=" " tag="966">
            <marc:subfield code="l">Stack</marc:subfield>
            <marc:subfield code="m">RMON</marc:subfield>
            <marc:subfield code="s">PT2353 .A1b 1977</marc:subfield>
            <marc:subfield code="d">v.10</marc:subfield>
            <marc:subfield code="b">39087017321284</marc:subfield>
          </marc:datafield>
          <marc:datafield tag="931" ind1=" " ind2=" ">
            <marc:subfield code="a">Text</marc:subfield>
            <marc:subfield code="5">NRU</marc:subfield>
          </marc:datafield>
          <marc:datafield tag="932" ind1=" " ind2=" ">
            <marc:subfield code="a">Language material</marc:subfield>
            <marc:subfield code="5">NRU</marc:subfield>
          </marc:datafield>
          <marc:datafield tag="933" ind1=" " ind2=" ">
            <marc:subfield code="a">Text</marc:subfield>
            <marc:subfield code="5">NRU</marc:subfield>
          </marc:datafield>
          <marc:datafield tag="935" ind1=" " ind2=" ">
            <marc:subfield code="a">Monograph/Item</marc:subfield>
            <marc:subfield code="5">NRU</marc:subfield>
          </marc:datafield>
          <marc:datafield tag="937" ind1=" " ind2=" ">
            <marc:subfield code="a">Non-Fiction</marc:subfield>
            <marc:subfield code="5">NRU</marc:subfield>
          </marc:datafield>
          <marc:datafield tag="941" ind1=" " ind2=" ">
            <marc:subfield code="a">ger</marc:subfield>
            <marc:subfield code="5">NRU</marc:subfield>
          </marc:datafield>
          <marc:datafield tag="943" ind1=" " ind2=" ">
            <marc:subfield code="a">German</marc:subfield>
            <marc:subfield code="5">NRU</marc:subfield>
          </marc:datafield>
          <marc:datafield tag="035" ind1=" " ind2=" ">
            <marc:subfield code="a">(NRU)329</marc:subfield>
          </marc:datafield>
          <marc:datafield tag="965" ind1="1" ind2="0">
            <marc:subfield code="a">Herder, Johann Gottfried,</marc:subfield>
            <marc:subfield code="d">1744-1803</marc:subfield>
            <marc:subfield code="5">NRU</marc:subfield>
          </marc:datafield>
          <marc:datafield tag="965" ind1=" " ind2="0">
            <marc:subfield code="a">Authors, German</marc:subfield>
            <marc:subfield code="5">NRU</marc:subfield>
          </marc:datafield>
          <marc:datafield tag="965" ind1="1" ind2="0">
            <marc:subfield code="x">Correspondence.</marc:subfield>
            <marc:subfield code="5">NRU</marc:subfield>
          </marc:datafield>
          <marc:datafield tag="963" ind1=" " ind2="0">
            <marc:subfield code="y">18th century</marc:subfield>
            <marc:subfield code="5">NRU</marc:subfield>
          </marc:datafield>
        </marc:record>
      </metadata>
    </record>
    <record>
      <header>
        <identifier>oai:mst.rochester.edu:marcnormalization/5760</identifier>
        <datestamp>2011-03-02T19:21:22Z</datestamp>
        <setSpec>MARCXMLholding</setSpec>
        <setSpec>marcnormalization</setSpec>
      </header>
      <metadata>
        <marc:record xmlns:marc="http://www.loc.gov/MARC21/slim" xmlns:xsi="http://www.w3.org/2001/XMLSchema-instance" xsi:schemaLocation="http://www.loc.gov/MARC21/slim http://128.151.244.137:8080/OAIToolkit/schema/MARC21slim_custom.xsd">
          <marc:leader>00226cv  a22001093  4500</marc:leader>
          <marc:controlfield tag="001">587</marc:controlfield>
          <marc:controlfield tag="004">329</marc:controlfield>
          <marc:controlfield tag="005">20091029121736.0</marc:controlfield>
          <marc:controlfield tag="008">9612094p    8   2001aueng0000000</marc:controlfield>
          <marc:datafield ind1=" " ind2=" " tag="014">
            <marc:subfield code="a">00015045</marc:subfield>
          </marc:datafield>
          <marc:datafield ind1="0" ind2=" " tag="852">
            <marc:subfield code="b">RheesStack</marc:subfield>
            <marc:subfield code="h">PT2353</marc:subfield>
            <marc:subfield code="i">.A1b 1977</marc:subfield>
          </marc:datafield>
          <marc:datafield ind1="3" ind2="0" tag="866">
            <marc:subfield code="a">v.1-14</marc:subfield>
          </marc:datafield>
        </marc:record>
      </metadata>
    </record>