
    <record>
      <header>
        <identifier>oai:mst.rochester.edu:marcnormalization/5786</identifier>
        <datestamp>2011-03-02T19:21:22Z</datestamp>
        <setSpec>MARCXMLbibliographic</setSpec>
        <setSpec>marcnormalization</setSpec>
      </header>
      <metadata>
        <marc:record xmlns:marc="http://www.loc.gov/MARC21/slim" xmlns:xsi="http://www.w3.org/2001/XMLSchema-instance" xsi:schemaLocation="http://www.loc.gov/MARC21/slim http://128.151.244.137:8080/OAIToolkit/schema/MARC21slim_custom.xsd">
          <marc:leader>01708cas a2200385 a 4500</marc:leader>
          <marc:controlfield tag="001">341</marc:controlfield>
          <marc:controlfield tag="005">20010102153835.0</marc:controlfield>
          <marc:controlfield tag="008">750303c19809999sp mnzp   o   0   b0spa d</marc:controlfield>
          <marc:controlfield tag="003">NRU</marc:controlfield>
          <marc:datafield ind1=" " ind2=" " tag="010">
            <marc:subfield code="a">   88645536 </marc:subfield>
            <marc:subfield code="z">sn 82020843 </marc:subfield>
          </marc:datafield>
          <marc:datafield ind1=" " ind2=" " tag="022">
            <marc:subfield code="a">0034-8635</marc:subfield>
          </marc:datafield>
          <marc:datafield ind1=" " ind2=" " tag="035">
            <marc:subfield code="a">(OCoLC)6407611</marc:subfield>
          </marc:datafield>
          <marc:datafield ind1=" " ind2=" " tag="040">
            <marc:subfield code="a">HLS</marc:subfield>
            <marc:subfield code="c">HLS</marc:subfield>
            <marc:subfield code="d">MUL</marc:subfield>
            <marc:subfield code="d">NST</marc:subfield>
            <marc:subfield code="d">AIP</marc:subfield>
            <marc:subfield code="d">HUL</marc:subfield>
            <marc:subfield code="d">NST</marc:subfield>
            <marc:subfield code="d">NSD</marc:subfield>
            <marc:subfield code="d">DLC</marc:subfield>
            <marc:subfield code="d">NST</marc:subfield>
            <marc:subfield code="d">DLC</marc:subfield>
            <marc:subfield code="d">FUG</marc:subfield>
            <marc:subfield code="d">HUL</marc:subfield>
            <marc:subfield code="d">IUL</marc:subfield>
            <marc:subfield code="d">NST</marc:subfield>
            <marc:subfield code="d">WAU</marc:subfield>
          </marc:datafield>
          <marc:datafield ind1=" " ind2=" " tag="042">
            <marc:subfield code="a">lc</marc:subfield>
            <marc:subfield code="a">nsdp</marc:subfield>
          </marc:datafield>
          <marc:datafield ind1=" " ind2=" " tag="049">
            <marc:subfield code="a">RRRR</marc:subfield>
          </marc:datafield>
          <marc:datafield ind1="0" ind2="0" tag="050">
            <marc:subfield code="a">AP60</marc:subfield>
            <marc:subfield code="b">.R443</marc:subfield>
          </marc:datafield>
          <marc:datafield ind1="0" ind2=" " tag="130">
            <marc:subfield code="a">Revista de occidente (Madrid, Spain : 1980)</marc:subfield>
          </marc:datafield>
          <marc:datafield ind1="0" ind2=" " tag="210">
            <marc:subfield code="a">Rev. occidente</marc:subfield>
          </marc:datafield>
          <marc:datafield ind1=" " ind2="0" tag="222">
            <marc:subfield code="a">Revista de occidente</marc:subfield>
          </marc:datafield>
          <marc:datafield ind1="0" ind2="0" tag="245">
            <marc:subfield code="a">Revista de occidente.</marc:subfield>
          </marc:datafield>
          <marc:datafield ind1=" " ind2=" " tag="260">
            <marc:subfield code="a">Madrid :</marc:subfield>
            <marc:subfield code="b">Alianza Editorial,</marc:subfield>
            <marc:subfield code="c">1980-</marc:subfield>
          </marc:datafield>
          <marc:datafield ind1=" " ind2=" " tag="265">
            <marc:subfield code="a">Departamento de Suscripciones de Revista de Occidente, Fortuny, 53. 28010-Madrid</marc:subfield>
          </marc:datafield>
          <marc:datafield ind1=" " ind2=" " tag="300">
            <marc:subfield code="a">v. :</marc:subfield>
            <marc:subfield code="b">ill. ;</marc:subfield>
            <marc:subfield code="c">22 cm.</marc:subfield>
          </marc:datafield>
          <marc:datafield ind1=" " ind2=" " tag="310">
            <marc:subfield code="a">Monthly (July-Aug. issues combined),</marc:subfield>
            <marc:subfield code="b">1984-</marc:subfield>
          </marc:datafield>
          <marc:datafield ind1=" " ind2=" " tag="321">
            <marc:subfield code="a">Quarterly,</marc:subfield>
            <marc:subfield code="b">1980-1983</marc:subfield>
          </marc:datafield>
          <marc:datafield ind1="0" ind2=" " tag="362">
            <marc:subfield code="a">No. 1 (abr.-jun. 1980)-</marc:subfield>
          </marc:datafield>
          <marc:datafield ind1=" " ind2=" " tag="500">
            <marc:subfield code="a">Title from cover.</marc:subfield>
          </marc:datafield>
          <marc:datafield ind1="2" ind2=" " tag="510">
            <marc:subfield code="a">Abstracts of English studies</marc:subfield>
            <marc:subfield code="x">0001-3560</marc:subfield>
          </marc:datafield>
          <marc:datafield ind1="2" ind2=" " tag="510">
            <marc:subfield code="a">America, history and life</marc:subfield>
            <marc:subfield code="x">0002-7065</marc:subfield>
            <marc:subfield code="b">1980-</marc:subfield>
          </marc:datafield>
          <marc:datafield ind1="2" ind2=" " tag="510">
            <marc:subfield code="a">Historical abstracts. Part A. Modern history abstracts</marc:subfield>
            <marc:subfield code="x">0363-2717</marc:subfield>
            <marc:subfield code="b">1980-</marc:subfield>
          </marc:datafield>
          <marc:datafield ind1="2" ind2=" " tag="510">
            <marc:subfield code="a">Historical abstracts. Part B. Twentieth century abstracts</marc:subfield>
            <marc:subfield code="x">0363-2725</marc:subfield>
            <marc:subfield code="b">1980-</marc:subfield>
          </marc:datafield>
          <marc:datafield ind1=" " ind2=" " tag="515">
            <marc:subfield code="a">Some numbers combined; extra issues published Nov. 1981-Mar. 1985 are internumbered with regular issues; no issues published, Jan. 1982 or Oct. 1983.</marc:subfield>
          </marc:datafield>
          <marc:datafield ind1=" " ind2=" " tag="525">
            <marc:subfield code="a">No. 65 has supplement.</marc:subfield>
          </marc:datafield>
          <marc:datafield ind1=" " ind2=" " tag="555">
            <marc:subfield code="a">No. 1 (abr.-jun. 1980)-50 (jun. 1985).  1 v.; No. 51 (jul.-agosto 1985)-100 (sept. 1989).  1 v.; No. 151 (dic. 1993)-200 (enero 1998). 1 v.</marc:subfield>
          </marc:datafield>
          <marc:datafield ind1="0" ind2="0" tag="780">
            <marc:subfield code="t">Revista de occidente (Madrid, Spain : 1923)</marc:subfield>
            <marc:subfield code="x">0034-8635</marc:subfield>
            <marc:subfield code="w">(DLC)   39019870</marc:subfield>
            <marc:subfield code="w">(OCoLC)1196145</marc:subfield>
          </marc:datafield>
          <marc:datafield ind1=" " ind2=" " tag="994">
            <marc:subfield code="a">E0</marc:subfield>
            <marc:subfield code="b">RRR</marc:subfield>
          </marc:datafield>
          <marc:datafield tag="931" ind1=" " ind2=" ">
            <marc:subfield code="a">Text</marc:subfield>
            <marc:subfield code="5">NRU</marc:subfield>
          </marc:datafield>
          <marc:datafield tag="932" ind1=" " ind2=" ">
            <marc:subfield code="a">Language material</marc:subfield>
            <marc:subfield code="5">NRU</marc:subfield>
          </marc:datafield>
          <marc:datafield tag="933" ind1=" " ind2=" ">
            <marc:subfield code="a">Text</marc:subfield>
            <marc:subfield code="5">NRU</marc:subfield>
          </marc:datafield>
          <marc:datafield tag="935" ind1=" " ind2=" ">
            <marc:subfield code="a">Serial</marc:subfield>
            <marc:subfield code="5">NRU</marc:subfield>
          </marc:datafield>
          <marc:datafield tag="937" ind1=" " ind2=" ">
            <marc:subfield code="a">Non-Fiction</marc:subfield>
            <marc:subfield code="5">NRU</marc:subfield>
          </marc:datafield>
          <marc:datafield tag="939" ind1=" " ind2=" ">
            <marc:subfield code="a">1980-    </marc:subfield>
            <marc:subfield code="5">NRU</marc:subfield>
          </marc:datafield>
          <marc:datafield tag="941" ind1=" " ind2=" ">
            <marc:subfield code="a">spa</marc:subfield>
            <marc:subfield code="5">NRU</marc:subfield>
          </marc:datafield>
          <marc:datafield tag="943" ind1=" " ind2=" ">
            <marc:subfield code="a">Spanish</marc:subfield>
            <marc:subfield code="5">NRU</marc:subfield>
          </marc:datafield>
          <marc:datafield tag="035" ind1=" " ind2=" ">
            <marc:subfield code="a">(NRU)341</marc:subfield>
          </marc:datafield>
        </marc:record>
      </metadata>
    </record>
    <record>
      <header>
        <identifier>oai:mst.rochester.edu:marcnormalization/5787</identifier>
        <datestamp>2011-03-02T19:21:22Z</datestamp>
        <setSpec>MARCXMLholding</setSpec>
        <setSpec>marcnormalization</setSpec>
      </header>
      <metadata>
        <marc:record xmlns:marc="http://www.loc.gov/MARC21/slim" xmlns:xsi="http://www.w3.org/2001/XMLSchema-instance" xsi:schemaLocation="http://www.loc.gov/MARC21/slim http://128.151.244.137:8080/OAIToolkit/schema/MARC21slim_custom.xsd">
          <marc:leader>00451cy  a22001573  4500</marc:leader>
          <marc:controlfield tag="001">605</marc:controlfield>
          <marc:controlfield tag="004">341</marc:controlfield>
          <marc:controlfield tag="005">20030506071612.0</marc:controlfield>
          <marc:controlfield tag="008">9803304p    8   4001uuspa0000000</marc:controlfield>
          <marc:datafield ind1="0" ind2=" " tag="852">
            <marc:subfield code="b">RheesStack</marc:subfield>
            <marc:subfield code="h">AP60</marc:subfield>
            <marc:subfield code="i">.R4541</marc:subfield>
            <marc:subfield code="z">Current issues in Periodical Reading Room</marc:subfield>
          </marc:datafield>
          <marc:datafield ind1="3" ind2="0" tag="866">
            <marc:subfield code="a">NewSer., no.1 (1980)-</marc:subfield>
          </marc:datafield>
          <marc:datafield ind1=" " ind2="0" tag="866">
            <marc:subfield code="8">0</marc:subfield>
            <marc:subfield code="a">no. 292 (Sept. 2005)</marc:subfield>
          </marc:datafield>
          <marc:datafield ind1=" " ind2="0" tag="866">
            <marc:subfield code="8">0</marc:subfield>
            <marc:subfield code="a">no. 332 (Jan. 2009)</marc:subfield>
          </marc:datafield>
          <marc:datafield ind1=" " ind2="0" tag="866">
            <marc:subfield code="8">0</marc:subfield>
            <marc:subfield code="a">no. 335 (Apr. 2009)</marc:subfield>
          </marc:datafield>
          <marc:datafield ind1=" " ind2="0" tag="866">
            <marc:subfield code="8">0</marc:subfield>
            <marc:subfield code="a">no. 340 (Sept. 2009)</marc:subfield>
          </marc:datafield>
          <marc:datafield ind1=" " ind2="0" tag="866">
            <marc:subfield code="8">0</marc:subfield>
            <marc:subfield code="a">no. 341 (Oct. 2009)</marc:subfield>
          </marc:datafield>
        </marc:record>
      </metadata>
    </record>