
    <record>
      <header>
        <identifier>oai:mst.rochester.edu:marcnormalization/5831</identifier>
        <datestamp>2011-03-02T19:21:22Z</datestamp>
        <setSpec>MARCXMLbibliographic</setSpec>
        <setSpec>marcnormalization</setSpec>
      </header>
      <metadata>
        <marc:record xmlns:marc="http://www.loc.gov/MARC21/slim" xmlns:xsi="http://www.w3.org/2001/XMLSchema-instance" xsi:schemaLocation="http://www.loc.gov/MARC21/slim http://128.151.244.137:8080/OAIToolkit/schema/MARC21slim_custom.xsd">
          <marc:leader>03913cam a22006850  4500</marc:leader>
          <marc:controlfield tag="001">360</marc:controlfield>
          <marc:controlfield tag="005">20011109152156.0</marc:controlfield>
          <marc:controlfield tag="008">771103m19779999mdua          000 0 eng d</marc:controlfield>
          <marc:controlfield tag="003">NRU</marc:controlfield>
          <marc:datafield ind1=" " ind2=" " tag="020">
            <marc:subfield code="a">0683045059</marc:subfield>
          </marc:datafield>
          <marc:datafield ind1=" " ind2=" " tag="035">
            <marc:subfield code="a">(OCoLC)3390506</marc:subfield>
          </marc:datafield>
          <marc:datafield ind1=" " ind2=" " tag="040">
            <marc:subfield code="a">JHW</marc:subfield>
            <marc:subfield code="c">JHW</marc:subfield>
            <marc:subfield code="d">RRR</marc:subfield>
          </marc:datafield>
          <marc:datafield ind1=" " ind2=" " tag="049">
            <marc:subfield code="a">RRRC</marc:subfield>
          </marc:datafield>
          <marc:datafield ind1=" " ind2=" " tag="090">
            <marc:subfield code="a">QP6</marc:subfield>
            <marc:subfield code="b">.H3</marc:subfield>
          </marc:datafield>
          <marc:datafield ind1=" " ind2=" " tag="096">
            <marc:subfield code="a">QT104 H236</marc:subfield>
          </marc:datafield>
          <marc:datafield ind1=" " ind2=" " tag="099">
            <marc:subfield code="a">QP6 .H3</marc:subfield>
          </marc:datafield>
          <marc:datafield ind1="0" ind2=" " tag="130">
            <marc:subfield code="a">Handbook of physiology (Bethesda, Md.)</marc:subfield>
          </marc:datafield>
          <marc:datafield ind1="0" ind2="0" tag="245">
            <marc:subfield code="a">Handbook of physiology :</marc:subfield>
            <marc:subfield code="b">a critical, comprehensive presentation of physiological knowledge and concepts / executive editor, Stephen R. Geiger.</marc:subfield>
          </marc:datafield>
          <marc:datafield ind1=" " ind2=" " tag="250">
            <marc:subfield code="a">[Rev. ed.]</marc:subfield>
          </marc:datafield>
          <marc:datafield ind1=" " ind2=" " tag="260">
            <marc:subfield code="a">Bethesda, Md. :</marc:subfield>
            <marc:subfield code="b">American Physiological Society,</marc:subfield>
            <marc:subfield code="c">1977-</marc:subfield>
          </marc:datafield>
          <marc:datafield ind1=" " ind2=" " tag="300">
            <marc:subfield code="a">v. in    :</marc:subfield>
            <marc:subfield code="b">ill. ;</marc:subfield>
            <marc:subfield code="c">28 cm.</marc:subfield>
          </marc:datafield>
          <marc:datafield ind1=" " ind2=" " tag="500">
            <marc:subfield code="a">Some vols. in revised editions.</marc:subfield>
          </marc:datafield>
          <marc:datafield ind1=" " ind2=" " tag="500">
            <marc:subfield code="a">Sect. 4, v.1-2, Sect. 11, v.5 and Sect. 12 have imprint: New York; Oxford: Published for the American Physiological Society by Oxford University Press.</marc:subfield>
          </marc:datafield>
          <marc:datafield ind1="1" ind2=" " tag="505">
            <marc:subfield code="a">sect. 1. The nervous system (4 v. in 7) -- sect. 2. The cardiovascular system (4 v. in 6) -- sect. 3. The respiratory system (4 v. in 6) -- sect. 4. Environmental physiology (2 v.) --    -- sect. 6. The gastrointestinal system (4 v. in 5) -- sect. 7. The endocrine system -- sect. 8. Renal physiology (2 v.) --    -- sect. 11. Aging -- sect. 12. Exercise: regulation and integration of multiple systems -- sect. 13. Comparative Physiology (2 v.) -- sect. 14. Cell Physiology.</marc:subfield>
          </marc:datafield>
          <marc:datafield ind1=" " ind2="0" tag="650">
            <marc:subfield code="a">Physiology.</marc:subfield>
          </marc:datafield>
          <marc:datafield ind1="1" ind2="2" tag="650">
            <marc:subfield code="a">Muscle, Skeletal</marc:subfield>
            <marc:subfield code="x">physiology.</marc:subfield>
          </marc:datafield>
          <marc:datafield ind1="2" ind2="2" tag="650">
            <marc:subfield code="a">Muscle Contraction</marc:subfield>
            <marc:subfield code="x">physiology.</marc:subfield>
          </marc:datafield>
          <marc:datafield ind1="1" ind2=" " tag="700">
            <marc:subfield code="a">Geiger, Stephen R.</marc:subfield>
          </marc:datafield>
          <marc:datafield ind1="2" ind2=" " tag="710">
            <marc:subfield code="a">American Physiological Society (1887- )</marc:subfield>
          </marc:datafield>
          <marc:datafield ind1=" " ind2=" " tag="911">
            <marc:subfield code="a">p</marc:subfield>
          </marc:datafield>
          <marc:datafield ind1=" " ind2=" " tag="966">
            <marc:subfield code="l">Stack</marc:subfield>
            <marc:subfield code="m">RMON</marc:subfield>
            <marc:subfield code="s">QP6 .H3</marc:subfield>
            <marc:subfield code="d">sect. 11</marc:subfield>
            <marc:subfield code="b">39087016813612</marc:subfield>
          </marc:datafield>
          <marc:datafield ind1=" " ind2=" " tag="966">
            <marc:subfield code="l">Cstack</marc:subfield>
            <marc:subfield code="m">SCIMON</marc:subfield>
            <marc:subfield code="s">QP6 .H3</marc:subfield>
            <marc:subfield code="d">sect. 1</marc:subfield>
            <marc:subfield code="e">v. 1</marc:subfield>
            <marc:subfield code="f">pt. 1</marc:subfield>
            <marc:subfield code="b">39087000807505</marc:subfield>
          </marc:datafield>
          <marc:datafield ind1=" " ind2=" " tag="966">
            <marc:subfield code="l">Cstack</marc:subfield>
            <marc:subfield code="m">SCIMON</marc:subfield>
            <marc:subfield code="s">QP6 .H3</marc:subfield>
            <marc:subfield code="d">sect. 1</marc:subfield>
            <marc:subfield code="e">v. 1</marc:subfield>
            <marc:subfield code="f">pt. 2</marc:subfield>
            <marc:subfield code="b">39087000807513</marc:subfield>
          </marc:datafield>
          <marc:datafield ind1=" " ind2=" " tag="966">
            <marc:subfield code="l">Cstack</marc:subfield>
            <marc:subfield code="m">SCIMON</marc:subfield>
            <marc:subfield code="s">QP6 .H3</marc:subfield>
            <marc:subfield code="d">sect. 1</marc:subfield>
            <marc:subfield code="e">v. 2</marc:subfield>
            <marc:subfield code="f">pt. 1</marc:subfield>
            <marc:subfield code="b">39087000807521</marc:subfield>
          </marc:datafield>
          <marc:datafield ind1=" " ind2=" " tag="966">
            <marc:subfield code="l">Cstack</marc:subfield>
            <marc:subfield code="m">SCIMON</marc:subfield>
            <marc:subfield code="s">QP6 .H3</marc:subfield>
            <marc:subfield code="d">sect. 1</marc:subfield>
            <marc:subfield code="e">v. 2</marc:subfield>
            <marc:subfield code="f">pt. 2</marc:subfield>
            <marc:subfield code="b">39087000807539</marc:subfield>
          </marc:datafield>
          <marc:datafield ind1=" " ind2=" " tag="966">
            <marc:subfield code="l">Cstack</marc:subfield>
            <marc:subfield code="m">SCIMON</marc:subfield>
            <marc:subfield code="s">QP6 .H3</marc:subfield>
            <marc:subfield code="d">sect. 1</marc:subfield>
            <marc:subfield code="e">v. 3</marc:subfield>
            <marc:subfield code="f">pt. 1</marc:subfield>
            <marc:subfield code="b">39087008294227</marc:subfield>
          </marc:datafield>
          <marc:datafield ind1=" " ind2=" " tag="966">
            <marc:subfield code="l">Cstack</marc:subfield>
            <marc:subfield code="m">SCIMON</marc:subfield>
            <marc:subfield code="s">QP6 .H3</marc:subfield>
            <marc:subfield code="d">sect. 1</marc:subfield>
            <marc:subfield code="e">v. 3</marc:subfield>
            <marc:subfield code="f">pt. 2</marc:subfield>
            <marc:subfield code="b">39087008294219</marc:subfield>
          </marc:datafield>
          <marc:datafield ind1=" " ind2=" " tag="966">
            <marc:subfield code="l">Cstack</marc:subfield>
            <marc:subfield code="m">SCIMON</marc:subfield>
            <marc:subfield code="s">QP6 .H3</marc:subfield>
            <marc:subfield code="d">sect. 1</marc:subfield>
            <marc:subfield code="e">v. 4</marc:subfield>
            <marc:subfield code="b">39087009188923</marc:subfield>
          </marc:datafield>
          <marc:datafield ind1=" " ind2=" " tag="966">
            <marc:subfield code="l">Cstack</marc:subfield>
            <marc:subfield code="m">SCIMON</marc:subfield>
            <marc:subfield code="s">QP6 .H3</marc:subfield>
            <marc:subfield code="d">sect. 1</marc:subfield>
            <marc:subfield code="e">v. 5</marc:subfield>
            <marc:subfield code="f">pt. 1</marc:subfield>
            <marc:subfield code="b">39087010027060</marc:subfield>
          </marc:datafield>
          <marc:datafield ind1=" " ind2=" " tag="966">
            <marc:subfield code="l">Cstack</marc:subfield>
            <marc:subfield code="m">SCIMON</marc:subfield>
            <marc:subfield code="s">QP6 .H3</marc:subfield>
            <marc:subfield code="d">sect. 1</marc:subfield>
            <marc:subfield code="e">v. 5</marc:subfield>
            <marc:subfield code="f">pt. 2</marc:subfield>
            <marc:subfield code="b">39087010027052</marc:subfield>
          </marc:datafield>
          <marc:datafield ind1=" " ind2=" " tag="966">
            <marc:subfield code="l">Cstack</marc:subfield>
            <marc:subfield code="m">SCIMON</marc:subfield>
            <marc:subfield code="s">QP6 .H3</marc:subfield>
            <marc:subfield code="d">sect. 2</marc:subfield>
            <marc:subfield code="e">v. 1</marc:subfield>
            <marc:subfield code="b">39087000807547</marc:subfield>
          </marc:datafield>
          <marc:datafield ind1=" " ind2=" " tag="966">
            <marc:subfield code="l">Cstack</marc:subfield>
            <marc:subfield code="m">SCIMON</marc:subfield>
            <marc:subfield code="s">QP6 .H3</marc:subfield>
            <marc:subfield code="d">sect. 2</marc:subfield>
            <marc:subfield code="e">v. 2</marc:subfield>
            <marc:subfield code="b">39087000807554</marc:subfield>
          </marc:datafield>
          <marc:datafield ind1=" " ind2=" " tag="966">
            <marc:subfield code="l">Cstack</marc:subfield>
            <marc:subfield code="m">SCIMON</marc:subfield>
            <marc:subfield code="s">QP6 .H3</marc:subfield>
            <marc:subfield code="d">sect. 2</marc:subfield>
            <marc:subfield code="e">v. 3</marc:subfield>
            <marc:subfield code="f">pt. 1</marc:subfield>
            <marc:subfield code="b">39087001227067</marc:subfield>
          </marc:datafield>
          <marc:datafield ind1=" " ind2=" " tag="966">
            <marc:subfield code="l">Cstack</marc:subfield>
            <marc:subfield code="m">SCIMON</marc:subfield>
            <marc:subfield code="s">QP6 .H3</marc:subfield>
            <marc:subfield code="d">sect. 2</marc:subfield>
            <marc:subfield code="e">v. 3</marc:subfield>
            <marc:subfield code="f">pt. 2</marc:subfield>
            <marc:subfield code="b">39087001227075</marc:subfield>
          </marc:datafield>
          <marc:datafield ind1=" " ind2=" " tag="966">
            <marc:subfield code="l">Cstack</marc:subfield>
            <marc:subfield code="m">SCIMON</marc:subfield>
            <marc:subfield code="s">QP6 .H3</marc:subfield>
            <marc:subfield code="d">sect. 2</marc:subfield>
            <marc:subfield code="e">v. 4</marc:subfield>
            <marc:subfield code="f">pt. 1</marc:subfield>
            <marc:subfield code="b">39087004293462</marc:subfield>
          </marc:datafield>
          <marc:datafield ind1=" " ind2=" " tag="966">
            <marc:subfield code="l">Cstack</marc:subfield>
            <marc:subfield code="m">SCIMON</marc:subfield>
            <marc:subfield code="s">QP6 .H3</marc:subfield>
            <marc:subfield code="d">sect. 2</marc:subfield>
            <marc:subfield code="e">v. 4</marc:subfield>
            <marc:subfield code="f">pt. 2</marc:subfield>
            <marc:subfield code="b">39087004293454</marc:subfield>
          </marc:datafield>
          <marc:datafield ind1=" " ind2=" " tag="966">
            <marc:subfield code="l">Cstack</marc:subfield>
            <marc:subfield code="m">SCIMON</marc:subfield>
            <marc:subfield code="s">QP6 .H3</marc:subfield>
            <marc:subfield code="d">sect. 3</marc:subfield>
            <marc:subfield code="e">v. 1</marc:subfield>
            <marc:subfield code="b">39087008242812</marc:subfield>
          </marc:datafield>
          <marc:datafield ind1=" " ind2=" " tag="966">
            <marc:subfield code="l">Cstack</marc:subfield>
            <marc:subfield code="m">SCIMON</marc:subfield>
            <marc:subfield code="s">QP6 .H3</marc:subfield>
            <marc:subfield code="d">sect. 3</marc:subfield>
            <marc:subfield code="e">v. 2</marc:subfield>
            <marc:subfield code="f">pt. 1</marc:subfield>
            <marc:subfield code="b">39087008940977</marc:subfield>
          </marc:datafield>
          <marc:datafield ind1=" " ind2=" " tag="966">
            <marc:subfield code="l">Cstack</marc:subfield>
            <marc:subfield code="m">SCIMON</marc:subfield>
            <marc:subfield code="s">QP6 .H3</marc:subfield>
            <marc:subfield code="d">sect. 3</marc:subfield>
            <marc:subfield code="e">v. 2</marc:subfield>
            <marc:subfield code="f">pt. 2</marc:subfield>
            <marc:subfield code="b">39087008941181</marc:subfield>
          </marc:datafield>
          <marc:datafield ind1=" " ind2=" " tag="966">
            <marc:subfield code="l">Cstack</marc:subfield>
            <marc:subfield code="m">SCIMON</marc:subfield>
            <marc:subfield code="s">QP6 .H3</marc:subfield>
            <marc:subfield code="d">sect. 3</marc:subfield>
            <marc:subfield code="e">v. 3</marc:subfield>
            <marc:subfield code="f">pt. 1</marc:subfield>
            <marc:subfield code="b">39087009128663</marc:subfield>
          </marc:datafield>
          <marc:datafield ind1=" " ind2=" " tag="966">
            <marc:subfield code="l">Cstack</marc:subfield>
            <marc:subfield code="m">SCIMON</marc:subfield>
            <marc:subfield code="s">QP6 .H3</marc:subfield>
            <marc:subfield code="d">sect. 3</marc:subfield>
            <marc:subfield code="e">v. 3</marc:subfield>
            <marc:subfield code="f">pt. 2</marc:subfield>
            <marc:subfield code="b">39087009128721</marc:subfield>
          </marc:datafield>
          <marc:datafield ind1=" " ind2=" " tag="966">
            <marc:subfield code="l">Cstack</marc:subfield>
            <marc:subfield code="m">SCIMON</marc:subfield>
            <marc:subfield code="s">QP6 .H3</marc:subfield>
            <marc:subfield code="d">sect. 3</marc:subfield>
            <marc:subfield code="e">v. 4</marc:subfield>
            <marc:subfield code="b">39087009765506</marc:subfield>
          </marc:datafield>
          <marc:datafield ind1=" " ind2=" " tag="966">
            <marc:subfield code="l">Cstack</marc:subfield>
            <marc:subfield code="m">SCIMON</marc:subfield>
            <marc:subfield code="s">QP6 .H3</marc:subfield>
            <marc:subfield code="d">sect. 6</marc:subfield>
            <marc:subfield code="e">v. 1</marc:subfield>
            <marc:subfield code="f">pt. 1</marc:subfield>
            <marc:subfield code="b">39087011089408</marc:subfield>
          </marc:datafield>
          <marc:datafield ind1=" " ind2=" " tag="966">
            <marc:subfield code="l">Cstack</marc:subfield>
            <marc:subfield code="m">SCIMON</marc:subfield>
            <marc:subfield code="s">QP6 .H3</marc:subfield>
            <marc:subfield code="d">sect. 6</marc:subfield>
            <marc:subfield code="e">v. 1</marc:subfield>
            <marc:subfield code="f">pt. 2</marc:subfield>
            <marc:subfield code="b">39087011089390</marc:subfield>
          </marc:datafield>
          <marc:datafield ind1=" " ind2=" " tag="966">
            <marc:subfield code="l">Cstack</marc:subfield>
            <marc:subfield code="m">SCIMON</marc:subfield>
            <marc:subfield code="s">QP6 .H3</marc:subfield>
            <marc:subfield code="d">sect. 6</marc:subfield>
            <marc:subfield code="e">v. 2</marc:subfield>
            <marc:subfield code="b">39087011484369</marc:subfield>
          </marc:datafield>
          <marc:datafield ind1=" " ind2=" " tag="966">
            <marc:subfield code="l">Cstack</marc:subfield>
            <marc:subfield code="m">SCIMON</marc:subfield>
            <marc:subfield code="s">QP6 .H3</marc:subfield>
            <marc:subfield code="d">sect. 6</marc:subfield>
            <marc:subfield code="e">v. 3</marc:subfield>
            <marc:subfield code="b">39087011475490</marc:subfield>
          </marc:datafield>
          <marc:datafield ind1=" " ind2=" " tag="966">
            <marc:subfield code="l">Cstack</marc:subfield>
            <marc:subfield code="m">SCIMON</marc:subfield>
            <marc:subfield code="s">QP6 .H3</marc:subfield>
            <marc:subfield code="d">sect. 6</marc:subfield>
            <marc:subfield code="e">v. 4</marc:subfield>
            <marc:subfield code="b">39087012546307</marc:subfield>
          </marc:datafield>
          <marc:datafield ind1=" " ind2=" " tag="966">
            <marc:subfield code="l">Cstack</marc:subfield>
            <marc:subfield code="m">SCIMON</marc:subfield>
            <marc:subfield code="s">QP6 .H3</marc:subfield>
            <marc:subfield code="d">sect. 8</marc:subfield>
            <marc:subfield code="e">v. 1</marc:subfield>
            <marc:subfield code="b">39087013315629</marc:subfield>
          </marc:datafield>
          <marc:datafield ind1=" " ind2=" " tag="966">
            <marc:subfield code="l">Cstack</marc:subfield>
            <marc:subfield code="m">SCIMON</marc:subfield>
            <marc:subfield code="s">QP6 .H3</marc:subfield>
            <marc:subfield code="d">sect. 8</marc:subfield>
            <marc:subfield code="e">v. 2</marc:subfield>
            <marc:subfield code="b">39087013315611</marc:subfield>
          </marc:datafield>
          <marc:datafield ind1=" " ind2=" " tag="966">
            <marc:subfield code="l">Cstack</marc:subfield>
            <marc:subfield code="m">SCIMON</marc:subfield>
            <marc:subfield code="s">QP6 .H3</marc:subfield>
            <marc:subfield code="d">sect. 11</marc:subfield>
            <marc:subfield code="b">39087016457634</marc:subfield>
          </marc:datafield>
          <marc:datafield ind1=" " ind2=" " tag="966">
            <marc:subfield code="l">Cstack</marc:subfield>
            <marc:subfield code="m">SCIMON</marc:subfield>
            <marc:subfield code="s">QP6 .H3</marc:subfield>
            <marc:subfield code="d">sect. 12</marc:subfield>
            <marc:subfield code="b">39087016723936</marc:subfield>
          </marc:datafield>
          <marc:datafield tag="931" ind1=" " ind2=" ">
            <marc:subfield code="a">Text</marc:subfield>
            <marc:subfield code="5">NRU</marc:subfield>
          </marc:datafield>
          <marc:datafield tag="932" ind1=" " ind2=" ">
            <marc:subfield code="a">Language material</marc:subfield>
            <marc:subfield code="5">NRU</marc:subfield>
          </marc:datafield>
          <marc:datafield tag="933" ind1=" " ind2=" ">
            <marc:subfield code="a">Text</marc:subfield>
            <marc:subfield code="5">NRU</marc:subfield>
          </marc:datafield>
          <marc:datafield tag="935" ind1=" " ind2=" ">
            <marc:subfield code="a">Monograph/Item</marc:subfield>
            <marc:subfield code="5">NRU</marc:subfield>
          </marc:datafield>
          <marc:datafield tag="937" ind1=" " ind2=" ">
            <marc:subfield code="a">Non-Fiction</marc:subfield>
            <marc:subfield code="5">NRU</marc:subfield>
          </marc:datafield>
          <marc:datafield tag="941" ind1=" " ind2=" ">
            <marc:subfield code="a">eng</marc:subfield>
            <marc:subfield code="5">NRU</marc:subfield>
          </marc:datafield>
          <marc:datafield tag="943" ind1=" " ind2=" ">
            <marc:subfield code="a">English</marc:subfield>
            <marc:subfield code="5">NRU</marc:subfield>
          </marc:datafield>
          <marc:datafield tag="947" ind1=" " ind2=" ">
            <marc:subfield code="a">0683045059</marc:subfield>
            <marc:subfield code="5">NRU</marc:subfield>
          </marc:datafield>
          <marc:datafield tag="035" ind1=" " ind2=" ">
            <marc:subfield code="a">(NRU)360</marc:subfield>
          </marc:datafield>
          <marc:datafield tag="965" ind1="1" ind2="2">
            <marc:subfield code="a">Muscle, Skeletal</marc:subfield>
            <marc:subfield code="5">NRU</marc:subfield>
          </marc:datafield>
          <marc:datafield tag="965" ind1="2" ind2="2">
            <marc:subfield code="a">Muscle Contraction</marc:subfield>
            <marc:subfield code="5">NRU</marc:subfield>
          </marc:datafield>
          <marc:datafield tag="965" ind1="1" ind2="2">
            <marc:subfield code="x">physiology.</marc:subfield>
            <marc:subfield code="5">NRU</marc:subfield>
          </marc:datafield>
        </marc:record>
      </metadata>
    </record>
    <record>
      <header>
        <identifier>oai:mst.rochester.edu:marcnormalization/5832</identifier>
        <datestamp>2011-03-02T19:21:22Z</datestamp>
        <setSpec>MARCXMLholding</setSpec>
        <setSpec>marcnormalization</setSpec>
      </header>
      <metadata>
        <marc:record xmlns:marc="http://www.loc.gov/MARC21/slim" xmlns:xsi="http://www.w3.org/2001/XMLSchema-instance" xsi:schemaLocation="http://www.loc.gov/MARC21/slim http://128.151.244.137:8080/OAIToolkit/schema/MARC21slim_custom.xsd">
          <marc:leader>00216cv  a22001093  4500</marc:leader>
          <marc:controlfield tag="001">639</marc:controlfield>
          <marc:controlfield tag="004">360</marc:controlfield>
          <marc:controlfield tag="005">20060508153810.0</marc:controlfield>
          <marc:controlfield tag="008">9612092u    8   2001aueng0000000</marc:controlfield>
          <marc:datafield ind1="1" ind2=" " tag="014">
            <marc:subfield code="a">00015831</marc:subfield>
          </marc:datafield>
          <marc:datafield ind1="0" ind2=" " tag="852">
            <marc:subfield code="b">Offsite1</marc:subfield>
            <marc:subfield code="h">QP6</marc:subfield>
            <marc:subfield code="i">.H3</marc:subfield>
          </marc:datafield>
          <marc:datafield ind1="3" ind2="0" tag="866">
            <marc:subfield code="a">sect.11</marc:subfield>
          </marc:datafield>
        </marc:record>
      </metadata>
    </record>
    <record>
      <header>
        <identifier>oai:mst.rochester.edu:marcnormalization/5833</identifier>
        <datestamp>2011-03-02T19:21:22Z</datestamp>
        <setSpec>MARCXMLholding</setSpec>
        <setSpec>marcnormalization</setSpec>
      </header>
      <metadata>
        <marc:record xmlns:marc="http://www.loc.gov/MARC21/slim" xmlns:xsi="http://www.w3.org/2001/XMLSchema-instance" xsi:schemaLocation="http://www.loc.gov/MARC21/slim http://128.151.244.137:8080/OAIToolkit/schema/MARC21slim_custom.xsd">
          <marc:leader>00597cv  a22001453  4500</marc:leader>
          <marc:controlfield tag="001">640</marc:controlfield>
          <marc:controlfield tag="004">360</marc:controlfield>
          <marc:controlfield tag="005">20090112072839.0</marc:controlfield>
          <marc:controlfield tag="008">9904264p    8   2001aueng0000000</marc:controlfield>
          <marc:datafield ind1="0" ind2=" " tag="852">
            <marc:subfield code="b">CarlStack</marc:subfield>
            <marc:subfield code="h">QP6</marc:subfield>
            <marc:subfield code="i">.H3</marc:subfield>
            <marc:subfield code="z">Some editions lack enumeration. Search for these under the title: Handbook of physiology (Bethesda, Md.)</marc:subfield>
            <marc:subfield code="x">for vols. published by Elsevier/Academic Press that lack enumeration, cat. as mono, class sep. and add applicable note, as in Handbook of physiology : microcirculation, publ. 2008, bib# 4080717.</marc:subfield>
          </marc:datafield>
          <marc:datafield ind1="3" ind2="0" tag="866">
            <marc:subfield code="a">sect.1-4</marc:subfield>
          </marc:datafield>
          <marc:datafield ind1="3" ind2="0" tag="866">
            <marc:subfield code="a">sect.6</marc:subfield>
          </marc:datafield>
          <marc:datafield ind1="3" ind2="0" tag="866">
            <marc:subfield code="a">sect.7:v.1-5</marc:subfield>
          </marc:datafield>
          <marc:datafield ind1="3" ind2="0" tag="866">
            <marc:subfield code="a">sect.8</marc:subfield>
          </marc:datafield>
          <marc:datafield ind1="3" ind2="0" tag="866">
            <marc:subfield code="a">sect.11-14</marc:subfield>
          </marc:datafield>
        </marc:record>
      </metadata>
    </record>