
    <record>
      <header>
        <identifier>oai:mst.rochester.edu:marcnormalization/5853</identifier>
        <datestamp>2011-03-02T19:21:22Z</datestamp>
        <setSpec>MARCXMLbibliographic</setSpec>
        <setSpec>marcnormalization</setSpec>
      </header>
      <metadata>
        <marc:record xmlns:marc="http://www.loc.gov/MARC21/slim" xmlns:xsi="http://www.w3.org/2001/XMLSchema-instance" xsi:schemaLocation="http://www.loc.gov/MARC21/slim http://128.151.244.137:8080/OAIToolkit/schema/MARC21slim_custom.xsd">
          <marc:leader>00850cas a22002650  4500</marc:leader>
          <marc:controlfield tag="001">372</marc:controlfield>
          <marc:controlfield tag="005">20050829135926.0</marc:controlfield>
          <marc:controlfield tag="008">750303c18999999fr fx p       0   b0fre d</marc:controlfield>
          <marc:controlfield tag="003">NRU</marc:controlfield>
          <marc:datafield ind1=" " ind2=" " tag="010">
            <marc:subfield code="a">   43043754 </marc:subfield>
          </marc:datafield>
          <marc:datafield ind1=" " ind2=" " tag="022">
            <marc:subfield code="a">0035-2004</marc:subfield>
          </marc:datafield>
          <marc:datafield ind1=" " ind2=" " tag="035">
            <marc:subfield code="a">(OCoLC)1196181</marc:subfield>
          </marc:datafield>
          <marc:datafield ind1=" " ind2=" " tag="040">
            <marc:subfield code="a">DRB</marc:subfield>
            <marc:subfield code="c">DRB</marc:subfield>
            <marc:subfield code="d">COO</marc:subfield>
            <marc:subfield code="d">RRR</marc:subfield>
          </marc:datafield>
          <marc:datafield ind1=" " ind2=" " tag="049">
            <marc:subfield code="a">RRRR</marc:subfield>
          </marc:datafield>
          <marc:datafield ind1=" " ind2=" " tag="090">
            <marc:subfield code="a">PA12</marc:subfield>
            <marc:subfield code="b">.R4</marc:subfield>
          </marc:datafield>
          <marc:datafield ind1=" " ind2=" " tag="099">
            <marc:subfield code="a">PA 2 R455</marc:subfield>
          </marc:datafield>
          <marc:datafield ind1=" " ind2=" " tag="099">
            <marc:subfield code="a">PA</marc:subfield>
            <marc:subfield code="a">2</marc:subfield>
            <marc:subfield code="a">R455</marc:subfield>
          </marc:datafield>
          <marc:datafield ind1=" " ind2="0" tag="222">
            <marc:subfield code="a">Revue des études anciennes</marc:subfield>
          </marc:datafield>
          <marc:datafield ind1="0" ind2="0" tag="245">
            <marc:subfield code="a">Revue des études anciennes.</marc:subfield>
          </marc:datafield>
          <marc:datafield ind1=" " ind2=" " tag="260">
            <marc:subfield code="a">Paris [etc.]</marc:subfield>
            <marc:subfield code="b">Societé d'Edition "Les belles lettres" [etc.]</marc:subfield>
          </marc:datafield>
          <marc:datafield ind1=" " ind2=" " tag="300">
            <marc:subfield code="b">ill., plates, maps, plans, facsims.</marc:subfield>
            <marc:subfield code="c">24-27 cm.</marc:subfield>
          </marc:datafield>
          <marc:datafield ind1="0" ind2=" " tag="362">
            <marc:subfield code="a">t. 1-   jan./mars 1899-</marc:subfield>
          </marc:datafield>
          <marc:datafield ind1=" " ind2="0" tag="650">
            <marc:subfield code="a">Classical philology</marc:subfield>
            <marc:subfield code="x">Periodicals.</marc:subfield>
          </marc:datafield>
          <marc:datafield ind1=" " ind2="0" tag="650">
            <marc:subfield code="a">Classical antiquities</marc:subfield>
            <marc:subfield code="x">Periodicals.</marc:subfield>
          </marc:datafield>
          <marc:datafield ind1="0" ind2=" " tag="760">
            <marc:subfield code="a">Bordeaux. Université. Faculté des lettres.</marc:subfield>
            <marc:subfield code="t">Annales. 4. sér.</marc:subfield>
          </marc:datafield>
          <marc:datafield ind1="0" ind2="3" tag="780">
            <marc:subfield code="t">Revue des universités du Midi</marc:subfield>
          </marc:datafield>
          <marc:datafield tag="931" ind1=" " ind2=" ">
            <marc:subfield code="a">Text</marc:subfield>
            <marc:subfield code="5">NRU</marc:subfield>
          </marc:datafield>
          <marc:datafield tag="932" ind1=" " ind2=" ">
            <marc:subfield code="a">Language material</marc:subfield>
            <marc:subfield code="5">NRU</marc:subfield>
          </marc:datafield>
          <marc:datafield tag="933" ind1=" " ind2=" ">
            <marc:subfield code="a">Text</marc:subfield>
            <marc:subfield code="5">NRU</marc:subfield>
          </marc:datafield>
          <marc:datafield tag="935" ind1=" " ind2=" ">
            <marc:subfield code="a">Serial</marc:subfield>
            <marc:subfield code="5">NRU</marc:subfield>
          </marc:datafield>
          <marc:datafield tag="937" ind1=" " ind2=" ">
            <marc:subfield code="a">Non-Fiction</marc:subfield>
            <marc:subfield code="5">NRU</marc:subfield>
          </marc:datafield>
          <marc:datafield tag="939" ind1=" " ind2=" ">
            <marc:subfield code="a">1899-    </marc:subfield>
            <marc:subfield code="5">NRU</marc:subfield>
          </marc:datafield>
          <marc:datafield tag="941" ind1=" " ind2=" ">
            <marc:subfield code="a">fre</marc:subfield>
            <marc:subfield code="5">NRU</marc:subfield>
          </marc:datafield>
          <marc:datafield tag="943" ind1=" " ind2=" ">
            <marc:subfield code="a">French</marc:subfield>
            <marc:subfield code="5">NRU</marc:subfield>
          </marc:datafield>
          <marc:datafield tag="035" ind1=" " ind2=" ">
            <marc:subfield code="a">(NRU)372</marc:subfield>
          </marc:datafield>
          <marc:datafield tag="130" ind1="0" ind2=" ">
            <marc:subfield code="a">Revue des études anciennes.</marc:subfield>
          </marc:datafield>
          <marc:datafield tag="965" ind1=" " ind2="0">
            <marc:subfield code="a">Classical philology</marc:subfield>
            <marc:subfield code="5">NRU</marc:subfield>
          </marc:datafield>
          <marc:datafield tag="965" ind1=" " ind2="0">
            <marc:subfield code="a">Classical antiquities</marc:subfield>
            <marc:subfield code="5">NRU</marc:subfield>
          </marc:datafield>
          <marc:datafield tag="965" ind1=" " ind2="0">
            <marc:subfield code="x">Periodicals.</marc:subfield>
            <marc:subfield code="5">NRU</marc:subfield>
          </marc:datafield>
        </marc:record>
      </metadata>
    </record>
    <record>
      <header>
        <identifier>oai:mst.rochester.edu:marcnormalization/5854</identifier>
        <datestamp>2011-03-02T19:21:22Z</datestamp>
        <setSpec>MARCXMLholding</setSpec>
        <setSpec>marcnormalization</setSpec>
      </header>
      <metadata>
        <marc:record xmlns:marc="http://www.loc.gov/MARC21/slim" xmlns:xsi="http://www.w3.org/2001/XMLSchema-instance" xsi:schemaLocation="http://www.loc.gov/MARC21/slim http://128.151.244.137:8080/OAIToolkit/schema/MARC21slim_custom.xsd">
          <marc:leader>00237cy  a22000973  4500</marc:leader>
          <marc:controlfield tag="001">656</marc:controlfield>
          <marc:controlfield tag="004">372</marc:controlfield>
          <marc:controlfield tag="005">20050902110233.0</marc:controlfield>
          <marc:controlfield tag="008">9807165u99098   2001uufre0000000</marc:controlfield>
          <marc:datafield ind1="0" ind2=" " tag="852">
            <marc:subfield code="b">RheesStack</marc:subfield>
            <marc:subfield code="h">PA2</marc:subfield>
            <marc:subfield code="i">.R455</marc:subfield>
          </marc:datafield>
          <marc:datafield ind1="3" ind2="0" tag="866">
            <marc:subfield code="a">t.67 (1965)-t.68 (1966), t.70 (1968)-t.101 (1999)</marc:subfield>
          </marc:datafield>
        </marc:record>
      </metadata>
    </record>