
    <record>
      <header>
        <identifier>oai:mst.rochester.edu:marcnormalization/5865</identifier>
        <datestamp>2011-03-02T19:21:22Z</datestamp>
        <setSpec>MARCXMLbibliographic</setSpec>
        <setSpec>marcnormalization</setSpec>
      </header>
      <metadata>
        <marc:record xmlns:marc="http://www.loc.gov/MARC21/slim" xmlns:xsi="http://www.w3.org/2001/XMLSchema-instance" xsi:schemaLocation="http://www.loc.gov/MARC21/slim http://128.151.244.137:8080/OAIToolkit/schema/MARC21slim_custom.xsd">
          <marc:leader>00605cas a22002410  4500</marc:leader>
          <marc:controlfield tag="001">378</marc:controlfield>
          <marc:controlfield tag="005">20030922075816.0</marc:controlfield>
          <marc:controlfield tag="008">751007c19509999fr br p       0    0fre d</marc:controlfield>
          <marc:controlfield tag="003">NRU</marc:controlfield>
          <marc:datafield ind1=" " ind2=" " tag="010">
            <marc:subfield code="a">   52016395 </marc:subfield>
          </marc:datafield>
          <marc:datafield ind1=" " ind2=" " tag="022">
            <marc:subfield code="a">0033-2764</marc:subfield>
          </marc:datafield>
          <marc:datafield ind1=" " ind2=" " tag="035">
            <marc:subfield code="a">(OCoLC)1681181</marc:subfield>
          </marc:datafield>
          <marc:datafield ind1=" " ind2=" " tag="040">
            <marc:subfield code="a">MUL</marc:subfield>
            <marc:subfield code="c">MUL</marc:subfield>
            <marc:subfield code="d">COO</marc:subfield>
            <marc:subfield code="d">YUS</marc:subfield>
            <marc:subfield code="d">OCL</marc:subfield>
            <marc:subfield code="d">RRR</marc:subfield>
          </marc:datafield>
          <marc:datafield ind1=" " ind2=" " tag="049">
            <marc:subfield code="a">RRRR</marc:subfield>
          </marc:datafield>
          <marc:datafield ind1="0" ind2=" " tag="050">
            <marc:subfield code="a">HB3</marc:subfield>
            <marc:subfield code="b">.R415</marc:subfield>
          </marc:datafield>
          <marc:datafield ind1=" " ind2=" " tag="099">
            <marc:subfield code="a">HB 3 R48</marc:subfield>
          </marc:datafield>
          <marc:datafield ind1=" " ind2=" " tag="099">
            <marc:subfield code="a">HB</marc:subfield>
            <marc:subfield code="a">3</marc:subfield>
            <marc:subfield code="a">R48</marc:subfield>
          </marc:datafield>
          <marc:datafield ind1=" " ind2="0" tag="222">
            <marc:subfield code="a">Revue economique</marc:subfield>
          </marc:datafield>
          <marc:datafield ind1="0" ind2="0" tag="245">
            <marc:subfield code="a">Revue economique.</marc:subfield>
          </marc:datafield>
          <marc:datafield ind1=" " ind2=" " tag="260">
            <marc:subfield code="a">[Paris],</marc:subfield>
            <marc:subfield code="b">Armand Colin [etc.].</marc:subfield>
          </marc:datafield>
          <marc:datafield ind1=" " ind2=" " tag="300">
            <marc:subfield code="b">ill.</marc:subfield>
            <marc:subfield code="c">25 cm.</marc:subfield>
          </marc:datafield>
          <marc:datafield ind1=" " ind2=" " tag="321">
            <marc:subfield code="a">5 no. a year.</marc:subfield>
          </marc:datafield>
          <marc:datafield ind1="0" ind2=" " tag="362">
            <marc:subfield code="a">[Tom.] 1-   Mai 1950-</marc:subfield>
          </marc:datafield>
          <marc:datafield ind1=" " ind2="0" tag="650">
            <marc:subfield code="a">Economics</marc:subfield>
            <marc:subfield code="x">Periodicals.</marc:subfield>
          </marc:datafield>
          <marc:datafield tag="931" ind1=" " ind2=" ">
            <marc:subfield code="a">Text</marc:subfield>
            <marc:subfield code="5">NRU</marc:subfield>
          </marc:datafield>
          <marc:datafield tag="932" ind1=" " ind2=" ">
            <marc:subfield code="a">Language material</marc:subfield>
            <marc:subfield code="5">NRU</marc:subfield>
          </marc:datafield>
          <marc:datafield tag="933" ind1=" " ind2=" ">
            <marc:subfield code="a">Text</marc:subfield>
            <marc:subfield code="5">NRU</marc:subfield>
          </marc:datafield>
          <marc:datafield tag="935" ind1=" " ind2=" ">
            <marc:subfield code="a">Serial</marc:subfield>
            <marc:subfield code="5">NRU</marc:subfield>
          </marc:datafield>
          <marc:datafield tag="937" ind1=" " ind2=" ">
            <marc:subfield code="a">Non-Fiction</marc:subfield>
            <marc:subfield code="5">NRU</marc:subfield>
          </marc:datafield>
          <marc:datafield tag="939" ind1=" " ind2=" ">
            <marc:subfield code="a">1950-    </marc:subfield>
            <marc:subfield code="5">NRU</marc:subfield>
          </marc:datafield>
          <marc:datafield tag="941" ind1=" " ind2=" ">
            <marc:subfield code="a">fre</marc:subfield>
            <marc:subfield code="5">NRU</marc:subfield>
          </marc:datafield>
          <marc:datafield tag="943" ind1=" " ind2=" ">
            <marc:subfield code="a">French</marc:subfield>
            <marc:subfield code="5">NRU</marc:subfield>
          </marc:datafield>
          <marc:datafield tag="035" ind1=" " ind2=" ">
            <marc:subfield code="a">(NRU)378</marc:subfield>
          </marc:datafield>
          <marc:datafield tag="130" ind1="0" ind2=" ">
            <marc:subfield code="a">Revue economique.</marc:subfield>
          </marc:datafield>
          <marc:datafield tag="965" ind1=" " ind2="0">
            <marc:subfield code="a">Economics</marc:subfield>
            <marc:subfield code="5">NRU</marc:subfield>
          </marc:datafield>
          <marc:datafield tag="965" ind1=" " ind2="0">
            <marc:subfield code="x">Periodicals.</marc:subfield>
            <marc:subfield code="5">NRU</marc:subfield>
          </marc:datafield>
        </marc:record>
      </metadata>
    </record>
    <record>
      <header>
        <identifier>oai:mst.rochester.edu:marcnormalization/5866</identifier>
        <datestamp>2011-03-02T19:21:22Z</datestamp>
        <setSpec>MARCXMLholding</setSpec>
        <setSpec>marcnormalization</setSpec>
      </header>
      <metadata>
        <marc:record xmlns:marc="http://www.loc.gov/MARC21/slim" xmlns:xsi="http://www.w3.org/2001/XMLSchema-instance" xsi:schemaLocation="http://www.loc.gov/MARC21/slim http://128.151.244.137:8080/OAIToolkit/schema/MARC21slim_custom.xsd">
          <marc:leader>00286cy  a22001093  4500</marc:leader>
          <marc:controlfield tag="001">662</marc:controlfield>
          <marc:controlfield tag="004">378</marc:controlfield>
          <marc:controlfield tag="005">20030922080338.0</marc:controlfield>
          <marc:controlfield tag="008">9612094p    8   0001uueng0000000</marc:controlfield>
          <marc:datafield ind1="0" ind2=" " tag="852">
            <marc:subfield code="b">RheesStack</marc:subfield>
            <marc:subfield code="h">HB3</marc:subfield>
            <marc:subfield code="i">.R48</marc:subfield>
            <marc:subfield code="z">Current issues in Periodical Reading Room</marc:subfield>
          </marc:datafield>
          <marc:datafield ind1="3" ind2="0" tag="866">
            <marc:subfield code="a">v.21 (1970)-</marc:subfield>
          </marc:datafield>
          <marc:datafield ind1=" " ind2="0" tag="866">
            <marc:subfield code="8">0</marc:subfield>
            <marc:subfield code="a">v. 61, no. 1 (Jan. 2010)</marc:subfield>
          </marc:datafield>
        </marc:record>
      </metadata>
    </record>