
    <record>
      <header>
        <identifier>oai:mst.rochester.edu:marcnormalization/5911</identifier>
        <datestamp>2011-03-02T19:21:22Z</datestamp>
        <setSpec>MARCXMLbibliographic</setSpec>
        <setSpec>marcnormalization</setSpec>
      </header>
      <metadata>
        <marc:record xmlns:marc="http://www.loc.gov/MARC21/slim" xmlns:xsi="http://www.w3.org/2001/XMLSchema-instance" xsi:schemaLocation="http://www.loc.gov/MARC21/slim http://128.151.244.137:8080/OAIToolkit/schema/MARC21slim_custom.xsd">
          <marc:leader>01099cas a2200313 a 4500</marc:leader>
          <marc:controlfield tag="001">402</marc:controlfield>
          <marc:controlfield tag="005">20070723070844.0</marc:controlfield>
          <marc:controlfield tag="008">751101c19719999utuqr1p       0   a0eng d</marc:controlfield>
          <marc:controlfield tag="003">NRU</marc:controlfield>
          <marc:datafield ind1=" " ind2=" " tag="010">
            <marc:subfield code="a">   77612778 </marc:subfield>
          </marc:datafield>
          <marc:datafield ind1=" " ind2=" " tag="022">
            <marc:subfield code="a">0035-7596</marc:subfield>
          </marc:datafield>
          <marc:datafield ind1=" " ind2=" " tag="030">
            <marc:subfield code="a">RMJMAE</marc:subfield>
          </marc:datafield>
          <marc:datafield ind1=" " ind2=" " tag="032">
            <marc:subfield code="a">886160</marc:subfield>
            <marc:subfield code="b">USPS</marc:subfield>
          </marc:datafield>
          <marc:datafield ind1=" " ind2=" " tag="035">
            <marc:subfield code="a">(OCoLC)1764461</marc:subfield>
          </marc:datafield>
          <marc:datafield ind1=" " ind2=" " tag="037">
            <marc:subfield code="b">Subscription Dept., Rocky Mountain Mathematics Consortium, Dept. of Mathematics, Arizona State University, Tempe, AZ 85281</marc:subfield>
          </marc:datafield>
          <marc:datafield ind1=" " ind2=" " tag="040">
            <marc:subfield code="a">MUL</marc:subfield>
            <marc:subfield code="c">MUL</marc:subfield>
            <marc:subfield code="d">COO</marc:subfield>
            <marc:subfield code="d">NSD</marc:subfield>
            <marc:subfield code="d">DLC</marc:subfield>
            <marc:subfield code="d">OCL</marc:subfield>
            <marc:subfield code="d">NSD</marc:subfield>
            <marc:subfield code="d">OCL</marc:subfield>
            <marc:subfield code="d">DLC</marc:subfield>
            <marc:subfield code="d">AIP</marc:subfield>
            <marc:subfield code="d">NST</marc:subfield>
            <marc:subfield code="d">OCL</marc:subfield>
            <marc:subfield code="d">SYS</marc:subfield>
            <marc:subfield code="d">CUS</marc:subfield>
            <marc:subfield code="d">HNK</marc:subfield>
            <marc:subfield code="d">OCLCQ</marc:subfield>
          </marc:datafield>
          <marc:datafield ind1=" " ind2=" " tag="042">
            <marc:subfield code="a">nsdp</marc:subfield>
            <marc:subfield code="a">lc</marc:subfield>
          </marc:datafield>
          <marc:datafield ind1=" " ind2=" " tag="049">
            <marc:subfield code="a">RRRR</marc:subfield>
          </marc:datafield>
          <marc:datafield ind1="0" ind2="0" tag="050">
            <marc:subfield code="a">QA1</marc:subfield>
            <marc:subfield code="b">.R597</marc:subfield>
          </marc:datafield>
          <marc:datafield ind1="0" ind2=" " tag="210">
            <marc:subfield code="a">Rocky Mt. j. math.</marc:subfield>
          </marc:datafield>
          <marc:datafield ind1=" " ind2="4" tag="222">
            <marc:subfield code="a">The Rocky Mountain journal of mathematics</marc:subfield>
          </marc:datafield>
          <marc:datafield ind1="0" ind2="4" tag="245">
            <marc:subfield code="a">The Rocky Mountain journal of mathematics.</marc:subfield>
          </marc:datafield>
          <marc:datafield ind1=" " ind2=" " tag="260">
            <marc:subfield code="a">[Provo, Utah, etc.] :</marc:subfield>
            <marc:subfield code="b">Rocky Mountain Mathematics Consortium,</marc:subfield>
            <marc:subfield code="c">1971-</marc:subfield>
          </marc:datafield>
          <marc:datafield ind1=" " ind2=" " tag="300">
            <marc:subfield code="a">v. ;</marc:subfield>
            <marc:subfield code="c">23 cm.</marc:subfield>
          </marc:datafield>
          <marc:datafield ind1=" " ind2=" " tag="310">
            <marc:subfield code="a">Quarterly,</marc:subfield>
            <marc:subfield code="b">&lt;winter 1990- &gt;</marc:subfield>
          </marc:datafield>
          <marc:datafield ind1="0" ind2=" " tag="362">
            <marc:subfield code="a">Vol. 1 (winter 1971)-</marc:subfield>
          </marc:datafield>
          <marc:datafield ind1=" " ind2=" " tag="530">
            <marc:subfield code="a">Also available via the World Wide Web.</marc:subfield>
          </marc:datafield>
          <marc:datafield ind1=" " ind2="0" tag="650">
            <marc:subfield code="a">Mathematics</marc:subfield>
            <marc:subfield code="v">Periodicals.</marc:subfield>
          </marc:datafield>
          <marc:datafield ind1="2" ind2=" " tag="710">
            <marc:subfield code="a">Rocky Mountain Mathematics Consortium.</marc:subfield>
          </marc:datafield>
          <marc:datafield ind1=" " ind2=" " tag="994">
            <marc:subfield code="a">E0</marc:subfield>
            <marc:subfield code="b">RRR</marc:subfield>
          </marc:datafield>
          <marc:datafield tag="931" ind1=" " ind2=" ">
            <marc:subfield code="a">Text</marc:subfield>
            <marc:subfield code="5">NRU</marc:subfield>
          </marc:datafield>
          <marc:datafield tag="932" ind1=" " ind2=" ">
            <marc:subfield code="a">Language material</marc:subfield>
            <marc:subfield code="5">NRU</marc:subfield>
          </marc:datafield>
          <marc:datafield tag="933" ind1=" " ind2=" ">
            <marc:subfield code="a">Text</marc:subfield>
            <marc:subfield code="5">NRU</marc:subfield>
          </marc:datafield>
          <marc:datafield tag="935" ind1=" " ind2=" ">
            <marc:subfield code="a">Serial</marc:subfield>
            <marc:subfield code="5">NRU</marc:subfield>
          </marc:datafield>
          <marc:datafield tag="937" ind1=" " ind2=" ">
            <marc:subfield code="a">Non-Fiction</marc:subfield>
            <marc:subfield code="5">NRU</marc:subfield>
          </marc:datafield>
          <marc:datafield tag="939" ind1=" " ind2=" ">
            <marc:subfield code="a">1971-    </marc:subfield>
            <marc:subfield code="5">NRU</marc:subfield>
          </marc:datafield>
          <marc:datafield tag="941" ind1=" " ind2=" ">
            <marc:subfield code="a">eng</marc:subfield>
            <marc:subfield code="5">NRU</marc:subfield>
          </marc:datafield>
          <marc:datafield tag="943" ind1=" " ind2=" ">
            <marc:subfield code="a">English</marc:subfield>
            <marc:subfield code="5">NRU</marc:subfield>
          </marc:datafield>
          <marc:datafield tag="035" ind1=" " ind2=" ">
            <marc:subfield code="a">(NRU)402</marc:subfield>
          </marc:datafield>
          <marc:datafield tag="130" ind1="0" ind2=" ">
            <marc:subfield code="a">Rocky Mountain journal of mathematics.</marc:subfield>
          </marc:datafield>
          <marc:datafield tag="965" ind1=" " ind2="0">
            <marc:subfield code="a">Mathematics</marc:subfield>
            <marc:subfield code="5">NRU</marc:subfield>
          </marc:datafield>
          <marc:datafield tag="969" ind1=" " ind2="0">
            <marc:subfield code="v">Periodicals.</marc:subfield>
            <marc:subfield code="5">NRU</marc:subfield>
          </marc:datafield>
        </marc:record>
      </metadata>
    </record>
    <record>
      <header>
        <identifier>oai:mst.rochester.edu:marcnormalization/5912</identifier>
        <datestamp>2011-03-02T19:21:22Z</datestamp>
        <setSpec>MARCXMLholding</setSpec>
        <setSpec>marcnormalization</setSpec>
      </header>
      <metadata>
        <marc:record xmlns:marc="http://www.loc.gov/MARC21/slim" xmlns:xsi="http://www.w3.org/2001/XMLSchema-instance" xsi:schemaLocation="http://www.loc.gov/MARC21/slim http://128.151.244.137:8080/OAIToolkit/schema/MARC21slim_custom.xsd">
          <marc:leader>00275cy  a22001213  4500</marc:leader>
          <marc:controlfield tag="001">694</marc:controlfield>
          <marc:controlfield tag="004">402</marc:controlfield>
          <marc:controlfield tag="005">20031111130018.0</marc:controlfield>
          <marc:controlfield tag="008">9612094p    8   0001uueng0000000</marc:controlfield>
          <marc:datafield ind1="0" ind2=" " tag="852">
            <marc:subfield code="b">CarlPer</marc:subfield>
            <marc:subfield code="h">QA1</marc:subfield>
            <marc:subfield code="i">.R68</marc:subfield>
          </marc:datafield>
          <marc:datafield ind1="3" ind2="0" tag="866">
            <marc:subfield code="a">v.1 (1971)-</marc:subfield>
          </marc:datafield>
          <marc:datafield ind1=" " ind2="0" tag="866">
            <marc:subfield code="8">0</marc:subfield>
            <marc:subfield code="a">v. 39, no. 5 (2009 )</marc:subfield>
          </marc:datafield>
          <marc:datafield ind1=" " ind2="0" tag="866">
            <marc:subfield code="8">0</marc:subfield>
            <marc:subfield code="a">v. 39, no. 6 (2009 )</marc:subfield>
          </marc:datafield>
        </marc:record>
      </metadata>
    </record>