
    <record>
      <header>
        <identifier>oai:mst.rochester.edu:marcnormalization/5982</identifier>
        <datestamp>2011-03-02T19:21:22Z</datestamp>
        <setSpec>MARCXMLbibliographic</setSpec>
        <setSpec>marcnormalization</setSpec>
      </header>
      <metadata>
        <marc:record xmlns:marc="http://www.loc.gov/MARC21/slim" xmlns:xsi="http://www.w3.org/2001/XMLSchema-instance" xsi:schemaLocation="http://www.loc.gov/MARC21/slim http://128.151.244.137:8080/OAIToolkit/schema/MARC21slim_custom.xsd">
          <marc:leader>00906cas a22003250  4500</marc:leader>
          <marc:controlfield tag="001">437</marc:controlfield>
          <marc:controlfield tag="005">20050701130917.0</marc:controlfield>
          <marc:controlfield tag="008">751212c19419999cauqr1p   o   0   a0eng d</marc:controlfield>
          <marc:controlfield tag="003">NRU</marc:controlfield>
          <marc:datafield ind1=" " ind2=" " tag="010">
            <marc:subfield code="a">   43016148 //r642</marc:subfield>
          </marc:datafield>
          <marc:datafield ind1=" " ind2=" " tag="022">
            <marc:subfield code="a">0036-0341</marc:subfield>
          </marc:datafield>
          <marc:datafield ind1=" " ind2=" " tag="035">
            <marc:subfield code="a">(OCoLC)1894664</marc:subfield>
          </marc:datafield>
          <marc:datafield ind1=" " ind2=" " tag="040">
            <marc:subfield code="a">COO</marc:subfield>
            <marc:subfield code="c">COO</marc:subfield>
            <marc:subfield code="d">NSD</marc:subfield>
            <marc:subfield code="d">DLC</marc:subfield>
            <marc:subfield code="d">RRR</marc:subfield>
          </marc:datafield>
          <marc:datafield ind1=" " ind2=" " tag="042">
            <marc:subfield code="a">nsdp</marc:subfield>
            <marc:subfield code="a">lc</marc:subfield>
          </marc:datafield>
          <marc:datafield ind1=" " ind2=" " tag="043">
            <marc:subfield code="a">e-ur---</marc:subfield>
          </marc:datafield>
          <marc:datafield ind1=" " ind2=" " tag="049">
            <marc:subfield code="a">RRRR</marc:subfield>
          </marc:datafield>
          <marc:datafield ind1="0" ind2=" " tag="050">
            <marc:subfield code="a">DK1</marc:subfield>
            <marc:subfield code="b">.R82</marc:subfield>
          </marc:datafield>
          <marc:datafield ind1=" " ind2=" " tag="099">
            <marc:subfield code="a">DK 1 R96</marc:subfield>
          </marc:datafield>
          <marc:datafield ind1=" " ind2=" " tag="099">
            <marc:subfield code="a">DK</marc:subfield>
            <marc:subfield code="a">1</marc:subfield>
            <marc:subfield code="a">R96</marc:subfield>
          </marc:datafield>
          <marc:datafield ind1=" " ind2="4" tag="222">
            <marc:subfield code="a">The Russian review</marc:subfield>
            <marc:subfield code="b">(Stanford)</marc:subfield>
          </marc:datafield>
          <marc:datafield ind1="0" ind2="4" tag="245">
            <marc:subfield code="a">The Russian review.</marc:subfield>
          </marc:datafield>
          <marc:datafield ind1=" " ind2=" " tag="260">
            <marc:subfield code="a">[Stanford, Calif., etc.,</marc:subfield>
            <marc:subfield code="b">Russian Review, inc.]</marc:subfield>
          </marc:datafield>
          <marc:datafield ind1=" " ind2=" " tag="300">
            <marc:subfield code="a">v. ;</marc:subfield>
            <marc:subfield code="c">22 cm.</marc:subfield>
          </marc:datafield>
          <marc:datafield ind1=" " ind2=" " tag="310">
            <marc:subfield code="a">Quarterly,</marc:subfield>
            <marc:subfield code="b">1949-</marc:subfield>
          </marc:datafield>
          <marc:datafield ind1=" " ind2=" " tag="321">
            <marc:subfield code="a">Semiannual,</marc:subfield>
            <marc:subfield code="b">1941-48</marc:subfield>
          </marc:datafield>
          <marc:datafield ind1="0" ind2=" " tag="362">
            <marc:subfield code="a">v. 1-   Nov. 1941-</marc:subfield>
          </marc:datafield>
          <marc:datafield ind1=" " ind2=" " tag="500">
            <marc:subfield code="a">Subtitle varies slightly.</marc:subfield>
          </marc:datafield>
          <marc:datafield ind1=" " ind2=" " tag="530">
            <marc:subfield code="a">Also available via the Internet.</marc:subfield>
          </marc:datafield>
          <marc:datafield ind1=" " ind2="0" tag="651">
            <marc:subfield code="a">Soviet Union</marc:subfield>
            <marc:subfield code="v">Periodicals.</marc:subfield>
          </marc:datafield>
          <marc:datafield ind1=" " ind2="0" tag="651">
            <marc:subfield code="a">Russia</marc:subfield>
            <marc:subfield code="v">Periodicals.</marc:subfield>
          </marc:datafield>
          <marc:datafield ind1=" " ind2="0" tag="651">
            <marc:subfield code="a">Russia (Federation)</marc:subfield>
            <marc:subfield code="v">Periodicals.</marc:subfield>
          </marc:datafield>
          <marc:datafield tag="931" ind1=" " ind2=" ">
            <marc:subfield code="a">Text</marc:subfield>
            <marc:subfield code="5">NRU</marc:subfield>
          </marc:datafield>
          <marc:datafield tag="932" ind1=" " ind2=" ">
            <marc:subfield code="a">Language material</marc:subfield>
            <marc:subfield code="5">NRU</marc:subfield>
          </marc:datafield>
          <marc:datafield tag="933" ind1=" " ind2=" ">
            <marc:subfield code="a">Text</marc:subfield>
            <marc:subfield code="5">NRU</marc:subfield>
          </marc:datafield>
          <marc:datafield tag="935" ind1=" " ind2=" ">
            <marc:subfield code="a">Serial</marc:subfield>
            <marc:subfield code="5">NRU</marc:subfield>
          </marc:datafield>
          <marc:datafield tag="937" ind1=" " ind2=" ">
            <marc:subfield code="a">Non-Fiction</marc:subfield>
            <marc:subfield code="5">NRU</marc:subfield>
          </marc:datafield>
          <marc:datafield tag="939" ind1=" " ind2=" ">
            <marc:subfield code="a">1941-    </marc:subfield>
            <marc:subfield code="5">NRU</marc:subfield>
          </marc:datafield>
          <marc:datafield tag="941" ind1=" " ind2=" ">
            <marc:subfield code="a">eng</marc:subfield>
            <marc:subfield code="5">NRU</marc:subfield>
          </marc:datafield>
          <marc:datafield tag="943" ind1=" " ind2=" ">
            <marc:subfield code="a">English</marc:subfield>
            <marc:subfield code="5">NRU</marc:subfield>
          </marc:datafield>
          <marc:datafield tag="035" ind1=" " ind2=" ">
            <marc:subfield code="a">(NRU)437</marc:subfield>
          </marc:datafield>
          <marc:datafield tag="130" ind1="0" ind2=" ">
            <marc:subfield code="a">Russian review.</marc:subfield>
          </marc:datafield>
          <marc:datafield tag="967" ind1=" " ind2="0">
            <marc:subfield code="a">Soviet Union</marc:subfield>
            <marc:subfield code="5">NRU</marc:subfield>
          </marc:datafield>
          <marc:datafield tag="967" ind1=" " ind2="0">
            <marc:subfield code="a">Russia</marc:subfield>
            <marc:subfield code="5">NRU</marc:subfield>
          </marc:datafield>
          <marc:datafield tag="967" ind1=" " ind2="0">
            <marc:subfield code="a">Russia (Federation)</marc:subfield>
            <marc:subfield code="5">NRU</marc:subfield>
          </marc:datafield>
          <marc:datafield tag="969" ind1=" " ind2="0">
            <marc:subfield code="v">Periodicals.</marc:subfield>
            <marc:subfield code="5">NRU</marc:subfield>
          </marc:datafield>
        </marc:record>
      </metadata>
    </record>
    <record>
      <header>
        <identifier>oai:mst.rochester.edu:marcnormalization/5983</identifier>
        <datestamp>2011-03-02T19:21:22Z</datestamp>
        <setSpec>MARCXMLholding</setSpec>
        <setSpec>marcnormalization</setSpec>
      </header>
      <metadata>
        <marc:record xmlns:marc="http://www.loc.gov/MARC21/slim" xmlns:xsi="http://www.w3.org/2001/XMLSchema-instance" xsi:schemaLocation="http://www.loc.gov/MARC21/slim http://128.151.244.137:8080/OAIToolkit/schema/MARC21slim_custom.xsd">
          <marc:leader>00362cy  a22001333  4500</marc:leader>
          <marc:controlfield tag="001">745</marc:controlfield>
          <marc:controlfield tag="004">437</marc:controlfield>
          <marc:controlfield tag="005">20060327075323.0</marc:controlfield>
          <marc:controlfield tag="008">9801074p    8   0001uueng0000000</marc:controlfield>
          <marc:datafield ind1="0" ind2=" " tag="852">
            <marc:subfield code="b">RheesStack</marc:subfield>
            <marc:subfield code="h">DK1</marc:subfield>
            <marc:subfield code="i">.R96</marc:subfield>
            <marc:subfield code="z">Current issues in Periodical Reading Room</marc:subfield>
          </marc:datafield>
          <marc:datafield ind1="3" ind2="0" tag="866">
            <marc:subfield code="a">v.1 (1941)-</marc:subfield>
          </marc:datafield>
          <marc:datafield ind1=" " ind2="0" tag="866">
            <marc:subfield code="8">0</marc:subfield>
            <marc:subfield code="a">v. 69, no. 1 (Jan. 2010)</marc:subfield>
          </marc:datafield>
          <marc:datafield ind1=" " ind2="0" tag="866">
            <marc:subfield code="8">0</marc:subfield>
            <marc:subfield code="a">v. 69, no. 2 (April 2010)</marc:subfield>
          </marc:datafield>
          <marc:datafield ind1=" " ind2="0" tag="866">
            <marc:subfield code="8">0</marc:subfield>
            <marc:subfield code="a">DO NOT ENTER</marc:subfield>
          </marc:datafield>
        </marc:record>
      </metadata>
    </record>