
    <record>
      <header>
        <identifier>oai:mst.rochester.edu:marcnormalization/5990</identifier>
        <datestamp>2011-03-02T19:21:22Z</datestamp>
        <setSpec>MARCXMLbibliographic</setSpec>
        <setSpec>marcnormalization</setSpec>
      </header>
      <metadata>
        <marc:record xmlns:marc="http://www.loc.gov/MARC21/slim" xmlns:xsi="http://www.w3.org/2001/XMLSchema-instance" xsi:schemaLocation="http://www.loc.gov/MARC21/slim http://128.151.244.137:8080/OAIToolkit/schema/MARC21slim_custom.xsd">
          <marc:leader>01127cas a2200313 a 4500</marc:leader>
          <marc:controlfield tag="001">441</marc:controlfield>
          <marc:controlfield tag="005">20011005105046.0</marc:controlfield>
          <marc:controlfield tag="008">750901c19589999ru qrzp   o   0   c0rus d</marc:controlfield>
          <marc:controlfield tag="003">NRU</marc:controlfield>
          <marc:datafield ind1=" " ind2=" " tag="010">
            <marc:subfield code="a">sn 84044226 </marc:subfield>
          </marc:datafield>
          <marc:datafield ind1=" " ind2=" " tag="019">
            <marc:subfield code="a">1777396</marc:subfield>
          </marc:datafield>
          <marc:datafield ind1=" " ind2=" " tag="022">
            <marc:subfield code="a">0131-6095</marc:subfield>
          </marc:datafield>
          <marc:datafield ind1=" " ind2=" " tag="035">
            <marc:subfield code="a">(OCoLC)1590682</marc:subfield>
          </marc:datafield>
          <marc:datafield ind1=" " ind2=" " tag="040">
            <marc:subfield code="a">MUL</marc:subfield>
            <marc:subfield code="c">MUL</marc:subfield>
            <marc:subfield code="d">COO</marc:subfield>
            <marc:subfield code="d">PIT</marc:subfield>
            <marc:subfield code="d">NYS</marc:subfield>
            <marc:subfield code="d">OCL</marc:subfield>
            <marc:subfield code="d">IUL</marc:subfield>
            <marc:subfield code="d">OCL</marc:subfield>
            <marc:subfield code="d">AIP</marc:subfield>
            <marc:subfield code="d">OCL</marc:subfield>
            <marc:subfield code="d">NST</marc:subfield>
            <marc:subfield code="d">DLC</marc:subfield>
          </marc:datafield>
          <marc:datafield ind1=" " ind2=" " tag="042">
            <marc:subfield code="a">lcd</marc:subfield>
          </marc:datafield>
          <marc:datafield ind1=" " ind2=" " tag="049">
            <marc:subfield code="a">RRRR</marc:subfield>
          </marc:datafield>
          <marc:datafield ind1="0" ind2=" " tag="210">
            <marc:subfield code="a">Russ. lit.</marc:subfield>
            <marc:subfield code="b">(Leningr., 1958)</marc:subfield>
          </marc:datafield>
          <marc:datafield ind1=" " ind2="0" tag="222">
            <marc:subfield code="a">Russkaja literatura</marc:subfield>
            <marc:subfield code="b">(Leningrad. 1958)</marc:subfield>
          </marc:datafield>
          <marc:datafield ind1="0" ind2="0" tag="245">
            <marc:subfield code="a">Russkai︠a︡ literatura /</marc:subfield>
            <marc:subfield code="c">Akademii︠a︡ nauk SSSR, Institut russkoĭ literatury (Pushkinski ̆dom).</marc:subfield>
          </marc:datafield>
          <marc:datafield ind1=" " ind2=" " tag="260">
            <marc:subfield code="a">Leningrad :</marc:subfield>
            <marc:subfield code="b">Izd-vo Akademii nauk SSSR,</marc:subfield>
            <marc:subfield code="c">1958-</marc:subfield>
          </marc:datafield>
          <marc:datafield ind1=" " ind2=" " tag="300">
            <marc:subfield code="a">v. ;</marc:subfield>
            <marc:subfield code="c">26 cm.</marc:subfield>
          </marc:datafield>
          <marc:datafield ind1=" " ind2=" " tag="310">
            <marc:subfield code="a">Quarterly</marc:subfield>
          </marc:datafield>
          <marc:datafield ind1="0" ind2=" " tag="362">
            <marc:subfield code="a">1958, no. 1-</marc:subfield>
          </marc:datafield>
          <marc:datafield ind1=" " ind2=" " tag="500">
            <marc:subfield code="a">"Istoriko-literaturnyĭ zhurnal."</marc:subfield>
          </marc:datafield>
          <marc:datafield ind1="2" ind2=" " tag="510">
            <marc:subfield code="a">MLA international bibliography of books and articles on the modern languages and literatures (Complete edition)</marc:subfield>
            <marc:subfield code="x">0024-8215</marc:subfield>
          </marc:datafield>
          <marc:datafield ind1=" " ind2=" " tag="555">
            <marc:subfield code="a">1958-1973.  1 v.</marc:subfield>
          </marc:datafield>
          <marc:datafield ind1=" " ind2="0" tag="650">
            <marc:subfield code="a">Russian literature</marc:subfield>
            <marc:subfield code="x">Periodicals.</marc:subfield>
          </marc:datafield>
          <marc:datafield ind1="2" ind2=" " tag="710">
            <marc:subfield code="a">Institut russkoĭ literatury (Pushkinskiĭ dom)</marc:subfield>
          </marc:datafield>
          <marc:datafield ind1="0" ind2="0" tag="780">
            <marc:subfield code="t">Russkai︠a︡ literatura</marc:subfield>
          </marc:datafield>
          <marc:datafield ind1=" " ind2=" " tag="994">
            <marc:subfield code="a">E0</marc:subfield>
            <marc:subfield code="b">RRR</marc:subfield>
          </marc:datafield>
          <marc:datafield tag="931" ind1=" " ind2=" ">
            <marc:subfield code="a">Text</marc:subfield>
            <marc:subfield code="5">NRU</marc:subfield>
          </marc:datafield>
          <marc:datafield tag="932" ind1=" " ind2=" ">
            <marc:subfield code="a">Language material</marc:subfield>
            <marc:subfield code="5">NRU</marc:subfield>
          </marc:datafield>
          <marc:datafield tag="933" ind1=" " ind2=" ">
            <marc:subfield code="a">Text</marc:subfield>
            <marc:subfield code="5">NRU</marc:subfield>
          </marc:datafield>
          <marc:datafield tag="935" ind1=" " ind2=" ">
            <marc:subfield code="a">Serial</marc:subfield>
            <marc:subfield code="5">NRU</marc:subfield>
          </marc:datafield>
          <marc:datafield tag="937" ind1=" " ind2=" ">
            <marc:subfield code="a">Non-Fiction</marc:subfield>
            <marc:subfield code="5">NRU</marc:subfield>
          </marc:datafield>
          <marc:datafield tag="939" ind1=" " ind2=" ">
            <marc:subfield code="a">1958-    </marc:subfield>
            <marc:subfield code="5">NRU</marc:subfield>
          </marc:datafield>
          <marc:datafield tag="941" ind1=" " ind2=" ">
            <marc:subfield code="a">rus</marc:subfield>
            <marc:subfield code="5">NRU</marc:subfield>
          </marc:datafield>
          <marc:datafield tag="943" ind1=" " ind2=" ">
            <marc:subfield code="a">Russian</marc:subfield>
            <marc:subfield code="5">NRU</marc:subfield>
          </marc:datafield>
          <marc:datafield tag="035" ind1=" " ind2=" ">
            <marc:subfield code="a">(NRU)441</marc:subfield>
          </marc:datafield>
          <marc:datafield tag="130" ind1="0" ind2=" ">
            <marc:subfield code="a">Russkai︠a︡ literatura /</marc:subfield>
          </marc:datafield>
          <marc:datafield tag="965" ind1=" " ind2="0">
            <marc:subfield code="a">Russian literature</marc:subfield>
            <marc:subfield code="5">NRU</marc:subfield>
          </marc:datafield>
          <marc:datafield tag="965" ind1=" " ind2="0">
            <marc:subfield code="x">Periodicals.</marc:subfield>
            <marc:subfield code="5">NRU</marc:subfield>
          </marc:datafield>
        </marc:record>
      </metadata>
    </record>
    <record>
      <header>
        <identifier>oai:mst.rochester.edu:marcnormalization/5991</identifier>
        <datestamp>2011-03-02T19:21:22Z</datestamp>
        <setSpec>MARCXMLholding</setSpec>
        <setSpec>marcnormalization</setSpec>
      </header>
      <metadata>
        <marc:record xmlns:marc="http://www.loc.gov/MARC21/slim" xmlns:xsi="http://www.w3.org/2001/XMLSchema-instance" xsi:schemaLocation="http://www.loc.gov/MARC21/slim http://128.151.244.137:8080/OAIToolkit/schema/MARC21slim_custom.xsd">
          <marc:leader>00294cy  a22001213  4500</marc:leader>
          <marc:controlfield tag="001">750</marc:controlfield>
          <marc:controlfield tag="004">441</marc:controlfield>
          <marc:controlfield tag="005">20060407132218.0</marc:controlfield>
          <marc:controlfield tag="008">9612094p    8   0001uurus0000000</marc:controlfield>
          <marc:datafield ind1="0" ind2=" " tag="852">
            <marc:subfield code="b">RheesStack</marc:subfield>
            <marc:subfield code="h">PG2900</marc:subfield>
            <marc:subfield code="i">.R96</marc:subfield>
          </marc:datafield>
          <marc:datafield ind1="3" ind2="0" tag="866">
            <marc:subfield code="a">v.1 (1958)-v.3 (1960), v.6 (1963)-</marc:subfield>
          </marc:datafield>
          <marc:datafield ind1=" " ind2="0" tag="866">
            <marc:subfield code="8">0</marc:subfield>
            <marc:subfield code="a">yr. 2009, no. 1</marc:subfield>
          </marc:datafield>
          <marc:datafield ind1=" " ind2="0" tag="866">
            <marc:subfield code="8">0</marc:subfield>
            <marc:subfield code="a">yr. 2009, no. 2</marc:subfield>
          </marc:datafield>
        </marc:record>
      </metadata>
    </record>